"name","brand","ean","price","grammage","category","sale","image"
"Salatgurke 1 Stück","NA","8436000259209","1.29","1 Stück","Obst & Gemüse","False","https://img.rewe-static.de/0483303/24569873_digital-image.png"
"Cherry Romatomaten 250g","REWE","4250154860906","1.29","250g (1 kg = 5,16 €)","Obst & Gemüse","False","https://img.rewe-static.de/1033906/23292477_digital-image.png"
"Bio Banane ca. 200g","REWE Bio","23376267","0.4","1 Stück ca. 200 g (1 kg = 1,99 €)","Obst & Gemüse","False","https://img.rewe-static.de/1930502/24568902_digital-image.png"
"Zespri Kiwi Gold 1 Stück","NA","20022242","0.89","1 Stück","Obst & Gemüse","False","https://img.rewe-static.de/0022241/36093611_digital-image.png"
"Paprika rot 500g","REWE Beste Wahl","7445906486443","1.99","500g (1 kg = 3,98 €)","Obst & Gemüse","False","https://img.rewe-static.de/1902921/23275435_digital-image.png"
"REWE Beste Wahl Banane ca. 200g","REWE Beste Wahl","22590541","0.36","1 Stück ca. 200 g (1 kg = 1,79 €)","Obst & Gemüse","True","https://img.rewe-static.de/1028378/21012012_digital-image.png"
"Lauchzwiebeln im Bund","NA","20482404","0.79","1 Stück","Obst & Gemüse","False","https://img.rewe-static.de/0482404/31686352_digital-image.png"
"Eisbergsalat 1 Stück","NA","4003721021237","1.39","1 Stück","Obst & Gemüse","False","https://img.rewe-static.de/0482595/24570316_digital-image.png"
"Kartoffeln festkochend 2kg","NA","27157640","1.99","2kg (1 kg = 1 €)","Obst & Gemüse","False","https://img.rewe-static.de/8035226/31571721_digital-image.png"
"REWE Bio Gurke 1 Stück","REWE Bio","7610632984741","1.69","1 Stück","Obst & Gemüse","False","https://img.rewe-static.de/7359497/24569872_digital-image.png"
"Erdbeeren 500g","NA","4050373099862","3.79","500g (1 kg = 7,58 €)","Obst & Gemüse","False","https://img.rewe-static.de/1098629/23731060_digital-image.png"
"Porree 1 Stück","NA","28311843","0.89","1 Stück","Obst & Gemüse","False","https://img.rewe-static.de/8311846/7360610_digital-image.png"
"Karotten 2kg","NA","4260093590963","1.69","2kg (1 kg = 0,85 €)","Obst & Gemüse","False","https://img.rewe-static.de/8339524/30105634_digital-image.png"
"Zucchini grün ca. 300g","NA","20482169","0.99","1 Stück ca. 300 g (1 kg = 3,29 €)","Obst & Gemüse","False","https://img.rewe-static.de/0482161/24570156_digital-image.png"
"REWE Bio Rispentomaten 500g","REWE Bio","22610171","2.22","500g (1 kg = 4,44 €)","Obst & Gemüse","False","https://img.rewe-static.de/1041181/21289418_digital-image.png"
"Süßkartoffel ca. 500g","NA","20475963","1.75","1 Stück ca. 500 g (1 kg = 3,49 €)","Obst & Gemüse","False","https://img.rewe-static.de/0475963/24569668_digital-image.png"
"Avocado Hass essreif 1 Stück","NA","8717428071131","1.29","1 Stück","Obst & Gemüse","True","https://img.rewe-static.de/0151854/25018105_digital-image.png"
"Tafeltrauben kernlos hell und blau 500g","NA","4260274271223","2.49","500g (1 kg = 4,98 €)","Obst & Gemüse","False","https://img.rewe-static.de/1105069/25288714_digital-image.png"
"Tafeltrauben hell kernlos 500g","NA","4046434245910","2.39","500g (1 kg = 4,78 €)","Obst & Gemüse","False","https://img.rewe-static.de/1105044/21306366_digital-image.png"
"Kohlrabi 1 Stück","NA","20570316","0.85","1 Stück","Obst & Gemüse","False","https://img.rewe-static.de/0570311/11327870_digital-image.png"
"Heidelbeeren 500g","NA","5400141761337","4.29","500g (1 kg = 8,58 €)","Obst & Gemüse","False","https://img.rewe-static.de/8003309/31583162_digital-image.png"
"REWE Bio Möhren 1kg","REWE Bio","24673808","1.69","1kg","Obst & Gemüse","False","https://img.rewe-static.de/2588140/24343912_digital-image.png"
"Chiquita Banane ca. 200g","Chiquita","27230923","0.46","1 Stück ca. 200 g (1 kg = 2,29 €)","Obst & Gemüse","False","https://img.rewe-static.de/7230923/24568904_digital-image.png"
"Karotten 1kg","REWE Beste Wahl","4018905555958","1.19","1kg","Obst & Gemüse","False","https://img.rewe-static.de/1045111/21288882_digital-image.png"
"Apfel Pink Lady 900g","NA","8023666703001","3.49","1 Stück","Obst & Gemüse","False","https://img.rewe-static.de/1907459/23271229_digital-image.png"
"Radieschen im Bund","NA","20483166","0.89","1 Stück","Obst & Gemüse","False","https://img.rewe-static.de/0483168/9686150_digital-image.png"
"Himbeeren 125g","NA","4061458242936","2.79","125g (1 kg = 22,32 €)","Obst & Gemüse","False","https://img.rewe-static.de/8448551/31583158_digital-image.png"
"Bio Apfel rot 550g in der Schale","NA","28411802","2.79","1 Stück","Obst & Gemüse","False","https://img.rewe-static.de/7225426/33343835_digital-image.png"
"REWE Regional Apfel rot 2kg","REWE Regional","23592506","3.99","2kg (1 kg = 2 €)","Obst & Gemüse","False","https://img.rewe-static.de/2089420/23271302_digital-image.png"
"Tafeltrauben blau kernlos 500g","NA","4049107007235","2.39","500g (1 kg = 4,78 €)","Obst & Gemüse","False","https://img.rewe-static.de/1104863/21432767_digital-image.png"
"Zwiebel rot 500g im Netz","NA","22609816","1.15","500g (1 kg = 2,30 €)","Obst & Gemüse","False","https://img.rewe-static.de/1041143/21288591_digital-image.png"
"Kartoffeln vorwiegend festkochend dick 2kg","NA","27160015","1.99","2kg (1 kg = 1 €)","Obst & Gemüse","False","https://img.rewe-static.de/8033637/31571806_digital-image.png"
"Bio Paprika 400g","NA","28349709","2.99","400g (1 kg = 7,48 €)","Obst & Gemüse","False","https://img.rewe-static.de/7158570/39459560_digital-image.png"
"Kartoffeln Drillinge festkochend 1kg","NA","3360190022549","2.49","1kg","Obst & Gemüse","False","https://img.rewe-static.de/2484343/25312995_digital-image.png"
"Rispentomaten ca. 100g","NA","20475369","0.25","1 Stück ca. 100 g (1 kg = 2,49 €)","Obst & Gemüse","False","https://img.rewe-static.de/0475360/30888821_digital-image.png"
"Knoblauch 200g im Netz","NA","22609786","1.49","200g (1 kg = 7,45 €)","Obst & Gemüse","False","https://img.rewe-static.de/1041139/21288186_digital-image.png"
"Apfel Braeburn rot ca. 200g","NA","25825565","0.6","1 Stück ca. 200 g (1 kg = 2,99 €)","Obst & Gemüse","False","https://img.rewe-static.de/5825563/24568906_digital-image.png"
"REWE Beste Wahl Delizioso Mini Cherry Rispentomaten 200g","REWE Beste Wahl","21673252","3.19","200g (1 kg = 15,95 €)","Obst & Gemüse","False","https://img.rewe-static.de/8737758/35859352_digital-image.png"
"REWE Bio Zucchini 500g","REWE Bio","24333245","2.79","500g (1 kg = 5,58 €)","Obst & Gemüse","False","https://img.rewe-static.de/2577507/26644840_digital-image.png"
"Birne grün ca. 240g","NA","20194567","0.67","1 Stück ca. 240 g (1 kg = 2,79 €)","Obst & Gemüse","False","https://img.rewe-static.de/0194565/29858079_digital-image.png"
"Kartoffeln mehligkochend 2kg","NA","27160121","1.99","2kg (1 kg = 1 €)","Obst & Gemüse","False","https://img.rewe-static.de/8378934/31571991_digital-image.png"
"Zespri Kiwi Green 1 Stück","NA","9420514500000","0.29","1 Stück","Obst & Gemüse","True","https://img.rewe-static.de/0195634/31049727_digital-image.png"
"Clementinen 1kg im Netz","NA","4055379000522","1.69","1 Stück","Obst & Gemüse","False","https://img.rewe-static.de/1055132/23270610_digital-image.png"
"Broccoli 500g","NA","4260085783359","1.79","500g (1 kg = 3,58 €)","Obst & Gemüse","False","https://img.rewe-static.de/1007433/21403678_digital-image.png"
"Kartoffeln vorwiegend festkochend 2,5kg","NA","4000874222702","2.09","2,50kg (1 kg = 0,84 €)","Obst & Gemüse","False","https://img.rewe-static.de/8690354/36396209_digital-image.png"
"Paprika rot ca. 250g","NA","20483555","1.37","1 Stück ca. 250 g (1 kg = 5,49 €)","Obst & Gemüse","False","https://img.rewe-static.de/0483559/24570151_digital-image.png"
"Paprika Mix 500g","REWE Beste Wahl","8057014948592","2.49","500g (1 kg = 4,98 €)","Obst & Gemüse","False","https://img.rewe-static.de/1040657/21506875_digital-image.png"
"Mini Gurke 1 Stück","NA","28297796","0.59","1 Stück","Obst & Gemüse","False","https://img.rewe-static.de/7238557/28430588_digital-image.png"
"Mini Pak Choi 300g","NA","8032937142579","1.99","300g (1 kg = 6,63 €)","Obst & Gemüse","False","https://img.rewe-static.de/7202778/30744753_digital-image.png"
"REWE Bio Avocado 1 Stück","REWE Bio","4015696020467","1.79","1 Stück","Obst & Gemüse","False","https://img.rewe-static.de/2333554/24569615_digital-image.png"
"Orangen 2kg im Netz","NA","4311527978816","2.99","2kg (1 kg = 1,50 €)","Obst & Gemüse","False","https://img.rewe-static.de/1057917/23270609_digital-image.png"
"REWE Bio Cherrytomate 250g","REWE Bio","4388840086191","1.79","250g (1 kg = 7,16 €)","Obst & Gemüse","False","https://img.rewe-static.de/0987085/11980510_digital-image.png"
"REWE to go Karottini 250g","REWE to go","4337256903752","0.79","250g (1 kg = 3,16 €)","Obst & Gemüse","True","https://img.rewe-static.de/2625775/25598665_digital-image.png"
"REWE Bio Zitrone 1 Stück","REWE Bio","24659734","0.89","1 Stück","Obst & Gemüse","False","https://img.rewe-static.de/0043657/24568899_digital-image.png"
"Mango vorgereift 1 Stück","NA","8717428076891","1.69","1 Stück","Obst & Gemüse","False","https://img.rewe-static.de/8021488/31080554_digital-image.png"
"Bio Kartoffeln vorwiegend festkochend 1,5kg","NA","28085225","2.99","1,50kg (1 kg = 1,99 €)","Obst & Gemüse","False","https://img.rewe-static.de/8108440/30644913_digital-image.png"
"Grapefruit Star Ruby 1 Stück","NA","21954511","0.99","1 Stück","Obst & Gemüse","False","https://img.rewe-static.de/1954512/24568898_digital-image.png"
"Zwiebel gelb ca. 100g","NA","22610645","0.17","1 Stück ca. 100 g (1 kg = 1,69 €)","Obst & Gemüse","False","https://img.rewe-static.de/1041251/27939028_digital-image.png"
"REWE Beste Wahl Blutorangen 1,5kg im Netz","REWE Beste Wahl","8032825228439","2.99","1,50kg (1 kg = 1,99 €)","Obst & Gemüse","False","https://img.rewe-static.de/1057937/30745292_digital-image.png"
"Knollensellerie ca. 1kg","NA","20470760","1.49","1 Stück ca. 1000 g (1 kg = 1,49 €)","Obst & Gemüse","False","https://img.rewe-static.de/0470767/21288886_digital-image.png"
"Zwiebeln 2kg im Netz","NA","20370428","1.89","2kg (1 kg = 0,95 €)","Obst & Gemüse","False","https://img.rewe-static.de/8481433/31572015_digital-image.png"
"REWE Beste Wahl Eisbergsalat mit Kräutern 175g","REWE Beste Wahl","4337256453882","1.49","175g (1 kg = 8,51 €)","Obst & Gemüse","False","https://img.rewe-static.de/8111550/28952529_digital-image.png"
"REWE Bio Zitrone 500g im Netz","REWE Bio","4388840085682","0.99","500g (1 kg = 1,98 €)","Obst & Gemüse","True","https://img.rewe-static.de/7589883/41938999_digital-image.png"
"Bio Ingwer ca. 100g","NA","22865830","0.55","1 Stück ca. 100 g (1 kg = 5,50 €)","Obst & Gemüse","True","https://img.rewe-static.de/1218820/24569461_digital-image.png"
"Zwiebel rot ca. 100g","NA","20466626","0.25","1 Stück ca. 100 g (1 kg = 2,49 €)","Obst & Gemüse","False","https://img.rewe-static.de/0466620/33558639_digital-image.png"
"Steckrübe ca. 1kg","NA","20482183","2.49","1 Stück ca. 1000 g (1 kg = 2,49 €)","Obst & Gemüse","False","https://img.rewe-static.de/0482188/11406170_digital-image.png"
"Clementinen 2,3kg Kiste","NA","5206055002388","4.99","2,30kg (1 kg = 2,17 €)","Obst & Gemüse","False","https://img.rewe-static.de/8627738/24541986_digital-image.png"
"REWE Beste Wahl Romana Salatherzen 3 Stück","REWE Beste Wahl","4335896378077","1.99","3 Stück","Obst & Gemüse","False","https://img.rewe-static.de/1043421/21454590_digital-image.png"
"REWE Bio Clementinen im Netz","REWE Bio","22629999","2.99","1 Stück","Obst & Gemüse","False","https://img.rewe-static.de/1055324/37733320_digital-image.png"
"Zitronen 500g im Netz","NA","4014183152643","0.99","500g (1 kg = 1,98 €)","Obst & Gemüse","False","https://img.rewe-static.de/1073678/21306346_digital-image.png"
"Koriander 25g","NA","22617255","0.99","25g (1 kg = 39,60 €)","Obst & Gemüse","False","https://img.rewe-static.de/1045852/24320401_digital-image.png"
"REWE Beste Wahl Champignons braun 250g","REWE Beste Wahl","8711775028459","2.19","250g (1 kg = 8,76 €)","Obst & Gemüse","False","https://img.rewe-static.de/1928831/21288695_digital-image.png"
"Gemüsezwiebeln 750g im Netz","NA","21889455","1.29","750g (1 kg = 1,72 €)","Obst & Gemüse","True","https://img.rewe-static.de/8838163/36784004_digital-image.png"
"Champignons weiß 400g","NA","4010063004507","2.19","400g (1 kg = 5,48 €)","Obst & Gemüse","False","https://img.rewe-static.de/2867271/25837710_digital-image.png"
"REWE Bio Blattspinat 100g","REWE Bio","28266709","1.69","100g (1 kg = 16,90 €)","Obst & Gemüse","False","https://img.rewe-static.de/7294456/30744751_digital-image.png"
"Bio Knoblauch 100g","NA","22232625","0.99","100g (1 kg = 9,90 €)","Obst & Gemüse","False","https://img.rewe-static.de/8953642/39629747_digital-image.png"
"REWE Bio Feldsalat 100g","NA","4032211100763","1.79","100g (1 kg = 17,90 €)","Obst & Gemüse","False","https://img.rewe-static.de/2442277/23803385_digital-image.png"
"Spitzpaprika rot 500g","NA","4260152132226","2.29","500g (1 kg = 4,58 €)","Obst & Gemüse","False","https://img.rewe-static.de/2212948/23275441_digital-image.png"
"Wirsing ca. 1,5kg","NA","20570330","2.69","1 Stück ca. 1500 g (1 kg = 1,79 €)","Obst & Gemüse","False","https://img.rewe-static.de/0570338/7362390_digital-image.png"
"Trauben blau kernlos ca. 800g","NA","20195021","6.39","1 Stück ca. 800 g (1 kg = 7,99 €)","Obst & Gemüse","False","https://img.rewe-static.de/0195022/7360760_digital-image.png"
"Apfel Granny Smith ca. 150g","NA","24941075","0.45","1 Stück ca. 150 g (1 kg = 2,99 €)","Obst & Gemüse","False","https://img.rewe-static.de/4941071/24569178_digital-image.png"
"REWE Bio Zwiebeln rot 300g","REWE Bio","22156167","1.59","300g (1 kg = 5,30 €)","Obst & Gemüse","False","https://img.rewe-static.de/7682647/39176184_digital-image.png"
"Karotten ca. 100g","NA","20469764","0.15","1 Stück ca. 100 g (1 kg = 1,49 €)","Obst & Gemüse","False","https://img.rewe-static.de/0469769/24569869_digital-image.png"
"Birne grün 1kg","NA","28283492","2.29","1kg","Obst & Gemüse","False","https://img.rewe-static.de/7261673/27767336_digital-image.png"
"Rucola 125g","NA","4019709283795","1.19","125 Stück","Obst & Gemüse","False","https://img.rewe-static.de/1043451/21063947_digital-image.png"
"REWE Bio Cherry Romatomaten 250g","REWE Bio","23826137","2.22","250g (1 kg = 8,88 €)","Obst & Gemüse","False","https://img.rewe-static.de/2224358/23270214_digital-image.png"
"REWE Bio Rispen Tomaten 300g","NA","28382935","2.69","350g (1 kg = 7,69 €)","Obst & Gemüse","False","https://img.rewe-static.de/7180089/37729327_digital-image.png"
"REWE Beste Wahl Mandarinen 750g im Netz","NA","4337185355448","1.99","1 Stück","Obst & Gemüse","True","https://img.rewe-static.de/8380889/30248452_digital-image.png"
"Birne Abate Fetel ca. 200g","NA","20005801","0.96","1 Stück ca. 200 g (1 kg = 4,79 €)","Obst & Gemüse","False","https://img.rewe-static.de/0005800/24569368_digital-image.png"
"Staudensellerie 1 Stück","NA","4019709003515","1.39","1 Stück","Obst & Gemüse","False","https://img.rewe-static.de/0483281/21288885_digital-image.png"
"Chili rot ca. 20g","NA","22016768","0.2","1 Stück ca. 20 g (1 kg = 9,90 €)","Obst & Gemüse","False","https://img.rewe-static.de/2016761/23275430_digital-image.png"
"Kartoffeln festkochend ca. 100g","NA","20466183","0.2","1 Stück ca. 100 g (1 kg = 1,99 €)","Obst & Gemüse","False","https://img.rewe-static.de/0466182/24569617_digital-image.png"
"Spitzkohl ca. 1kg","NA","8437007188400","1.99","1 Stück ca. 1000 g (1 kg = 1,99 €)","Obst & Gemüse","False","https://img.rewe-static.de/0482366/24569671_digital-image.png"
"Salattrio 1 Stück","NA","27016206","1.89","1 Stück","Obst & Gemüse","False","https://img.rewe-static.de/7002796/31583097_digital-image.png"
"REWE to go Granatapfelkerne 80g","REWE to go","4337256916424","1.99","80g (1 kg = 24,88 €)","Obst & Gemüse","False","https://img.rewe-static.de/7071497/28884045_digital-image.png"
"Basilikum im Topf","REWE","22617408","1.59","1 Stück","Obst & Gemüse","False","https://img.rewe-static.de/1045887/12635890_digital-image.png"
"Wildkräuter Salat 125g","NA","22030405","1.19","125g (1 kg = 9,52 €)","Obst & Gemüse","True","https://img.rewe-static.de/7719121/37580503_digital-image.png"
"Prinzessbohnen 200g","NA","6013837566513","2.39","200g (1 kg = 11,95 €)","Obst & Gemüse","False","https://img.rewe-static.de/1902930/23275444_digital-image.png"
"Minirispentomate 500g","NA","4337256162593","2.22","500g (1 kg = 4,44 €)","Obst & Gemüse","False","https://img.rewe-static.de/7950741/32160892_digital-image.png"
"REWE Bio Apfel rot ca. 200g","REWE Bio","24661447","0.7","1 Stück ca. 200 g (1 kg = 3,49 €)","Obst & Gemüse","False","https://img.rewe-static.de/0136053/24569357_digital-image.png"
"REWE Bio Paprika spitz rot 180g","REWE Bio","22929310","1.99","180g (1 kg = 11,06 €)","Obst & Gemüse","False","https://img.rewe-static.de/9897677/47446576_digital-image.png"
"Chicoree 500g","NA","4260034080416","2.49","500g (1 kg = 4,98 €)","Obst & Gemüse","False","https://img.rewe-static.de/8040507/30744393_digital-image.png"
"Feldsalat 150g","NA","8012566022039","1.99","150g (1 kg = 13,27 €)","Obst & Gemüse","False","https://img.rewe-static.de/1043449/21174049_digital-image.png"
"Bio Romanasalat Herzen 2 Stück","NA","4260217274786","2.19","2 Stück","Obst & Gemüse","False","https://img.rewe-static.de/1043516/31588618_digital-image.png"
"Kokosnuss 1 Stück","NA","20023034","1.99","1 Stück","Obst & Gemüse","False","https://img.rewe-static.de/0023035/7361920_digital-image.png"
"Chili Mix Tricolor 80g","NA","28137375","1.39","80g (1 kg = 17,38 €)","Obst & Gemüse","False","https://img.rewe-static.de/8229761/28442971_digital-image.png"
"Paprika gelb ca. 250g","NA","20483494","1.5","1 Stück ca. 250 g (1 kg = 5,99 €)","Obst & Gemüse","False","https://img.rewe-static.de/0483494/24570153_digital-image.png"
"Chinakohl ca. 1kg","NA","4018742013710","2.49","1 Stück ca. 1000 g (1 kg = 2,49 €)","Obst & Gemüse","False","https://img.rewe-static.de/0482340/24569871_digital-image.png"
"Aubergine 1 Stück","NA","9090001026223","1.79","1 Stück","Obst & Gemüse","False","https://img.rewe-static.de/8514957/32078973_digital-image.png"
"REWE Bio Blutorangen Moro 1kg im Netz","REWE Bio","4388860028522","2.99","1kg","Obst & Gemüse","False","https://img.rewe-static.de/0131036/27716484_digital-image.png"
"Bio Staudensellerie 1 Stück","NA","24673747","1.99","NA","Obst & Gemüse","False","https://img.rewe-static.de/2588126/32571380_digital-image.png"
"REWE Bio Champignons braun 250g","REWE Bio","27952450","2.29","250g (1 kg = 9,16 €)","Obst & Gemüse","False","https://img.rewe-static.de/8312738/29439264_digital-image.png"
"REWE Bio Schalotten 200g im Netz","REWE Bio","22524034","1.69","200g (1 kg = 8,45 €)","Obst & Gemüse","False","https://img.rewe-static.de/7568160/41413327_digital-image.png"
"REWE to go Ananaswürfel 200g","REWE to go","4337256178549","2.19","200g (1 kg = 10,95 €)","Obst & Gemüse","False","https://img.rewe-static.de/2926149/25598712_digital-image.png"
"Knoblauch 1 Stück","NA","23363977","1.19","1 Stück","Obst & Gemüse","False","https://img.rewe-static.de/3363970/28163306_digital-image.png"
"Fenchel ca. 250g","NA","20483920","0.87","1 Stück ca. 250 g (1 kg = 3,49 €)","Obst & Gemüse","False","https://img.rewe-static.de/0483923/24570157_digital-image.png"
"REWE Beste Wahl Rote Bete gekocht 500g","REWE Beste Wahl","27016381","0.99","500g (1 kg = 1,98 €)","Obst & Gemüse","False","https://img.rewe-static.de/7002885/31357226_digital-image.png"
"Looye Honigtomaten 180g","NA","8716062000101","4.49","180g (1 kg = 24,94 €)","Obst & Gemüse","False","https://img.rewe-static.de/7257103/35077105_digital-image.png"
"REWE Beste Wahl Kaiserschoten 200g","REWE Beste Wahl","28011002","2.22","200g (1 kg = 11,10 €)","Obst & Gemüse","True","https://img.rewe-static.de/8088224/29613863_digital-image.png"
"REWE Bio Orangen 1kg im Netz","REWE Bio","28328117","2.69","1 Stück","Obst & Gemüse","False","https://img.rewe-static.de/8017548/30744428_digital-image.png"
"REWE Beste Wahl Chef Romatomaten 400g","REWE Beste Wahl","22865281","2.79","400g (1 kg = 6,98 €)","Obst & Gemüse","False","https://img.rewe-static.de/9911595/46902015_digital-image.png"
"REWE Feine Welt Süße Zwiebeln ca. 300g","REWE Feine Welt","21255779","1.2","1 Stück ca. 300 g (1 kg = 3,99 €)","Obst & Gemüse","False","https://img.rewe-static.de/8687410/34992116_digital-image.png"
"Birne bunt ca. 200g","NA","24188753","0.8","1 Stück ca. 200 g (1 kg = 3,99 €)","Obst & Gemüse","False","https://img.rewe-static.de/2435716/25626156_digital-image.png"
"Schnittlauch 25g","NA","28347385","0.99","25g (1 kg = 39,60 €)","Obst & Gemüse","False","https://img.rewe-static.de/7142169/27803225_digital-image.png"
"Dill 25g","NA","28347637","0.99","25g (1 kg = 39,60 €)","Obst & Gemüse","False","https://img.rewe-static.de/7142662/27803229_digital-image.png"
"Bio Limette 1 Stück","NA","28163596","0.59","1 Stück","Obst & Gemüse","False","https://img.rewe-static.de/8218940/29173411_digital-image.png"
"Bio Porree im Bund ca. 500g","NA","28356257","2.69","1 Stück","Obst & Gemüse","False","https://img.rewe-static.de/7152389/32161059_digital-image.png"
"REWE Beste Wahl Salatmischung Family-Mix 300g","REWE Beste Wahl","4337256456883","1.59","300g (1 kg = 5,30 €)","Obst & Gemüse","True","https://img.rewe-static.de/7260480/27890844_digital-image.png"
"Tomaten Snack Mix 300g","NA","26008851","2.29","300g (1 kg = 7,63 €)","Obst & Gemüse","False","https://img.rewe-static.de/9056569/42349969_digital-image.png"
"Bio Paprika Mini Mix 150g","NA","28389576","1.99","150g (1 kg = 13,27 €)","Obst & Gemüse","False","https://img.rewe-static.de/7185911/31588511_digital-image.png"
"Bio Fenchel ca. 250g","NA","20580957","1.0","1 Stück ca. 250 g (1 kg = 3,99 €)","Obst & Gemüse","False","https://img.rewe-static.de/8552640/32078916_digital-image.png"
"Schalotten 250g im Netz","NA","22609793","1.19","250g (1 kg = 4,76 €)","Obst & Gemüse","False","https://img.rewe-static.de/1041140/21288189_digital-image.png"
"REWE Bio Rote Bete gekocht 500g","REWE Bio","4260161011413","1.69","500g (1 kg = 3,38 €)","Obst & Gemüse","False","https://img.rewe-static.de/7180293/27908773_digital-image.png"
"REWE Bio Salat Crispy Mix 100g","REWE Bio","4337256887700","1.49","100g (1 kg = 14,90 €)","Obst & Gemüse","False","https://img.rewe-static.de/9964870/46683644_digital-image.png"
"Bio Orangen ca. 240g","NA","21068058","0.84","1 Stück ca. 240 g (1 kg = 3,49 €)","Obst & Gemüse","False","https://img.rewe-static.de/1068050/27357371_digital-image.png"
"Apfel Wellant ca. 150g","NA","27210345","0.45","1 Stück ca. 150 g (1 kg = 2,99 €)","Obst & Gemüse","False","https://img.rewe-static.de/8042556/32127823_digital-image.png"
"Kartoffeln Belana festkochend aus der Region 2,5kg","NA","4260470040043","3.29","2,50kg (1 kg = 1,32 €)","Obst & Gemüse","False","https://img.rewe-static.de/7244008/38573728_digital-image.png"
"Schmorgurken ca. 500g","NA","29455355","2.45","1 Stück ca. 500 g (1 kg = 4,90 €)","Obst & Gemüse","False","https://img.rewe-static.de/9455353/28430768_digital-image.png"
"Krause Petersilie im Topf","REWE","4011267104123","1.59","1 Stück","Obst & Gemüse","False","https://img.rewe-static.de/1045889/21289001_digital-image.png"
"REWE Beste Wahl Bratpaprika 200g","REWE Beste Wahl","28407577","1.99","200g (1 kg = 9,95 €)","Obst & Gemüse","False","https://img.rewe-static.de/7231840/27954430_digital-image.png"
"Tomate Joyn 400g","NA","8716062000798","3.59","400g (1 kg = 8,98 €)","Obst & Gemüse","False","https://img.rewe-static.de/9990919/44677766_digital-image.png"
"Kugelrettich weiß 1 Bund","NA","24668477","1.99","1 Stück","Obst & Gemüse","False","https://img.rewe-static.de/2240308/26753835_digital-image.png"
"Karotten-Mix 750g","NA","4011424142692","1.99","750g (1 kg = 2,65 €)","Obst & Gemüse","False","https://img.rewe-static.de/2920876/25706596_digital-image.png"
"REWE Regional Apfel Holsteiner Cox ca. 200g","REWE Regional","20937256","0.6","1 Stück ca. 200 g (1 kg = 2,99 €)","Obst & Gemüse","False","https://img.rewe-static.de/0937258/24569179_digital-image.png"
"Honey Pomelo 1 Stück","NA","8718366066562","2.99","1 Stück","Obst & Gemüse","False","https://img.rewe-static.de/0112619/8718040_digital-image.png"
"Suppengrün 500g","NA","4022538299035","1.69","1 Stück","Obst & Gemüse","False","https://img.rewe-static.de/0482293/7360910_digital-image.png"
"Champignonsmischung 250g","NA","27296868","2.79","250g (1 kg = 11,16 €)","Obst & Gemüse","False","https://img.rewe-static.de/8068705/32401878_digital-image.png"
"Apfel Elstar ca. 200g","NA","24659246","0.6","1 Stück ca. 200 g (1 kg = 2,99 €)","Obst & Gemüse","False","https://img.rewe-static.de/4659244/30888510_digital-image.png"
"REWE Feine Welt Avocado essreif 1 Stück","REWE Feine Welt","23076136","2.79","1 Stück","Obst & Gemüse","False","https://img.rewe-static.de/1371623/23269789_digital-image.png"
"Bio Heidelbeeren 175g","NA","20214463","2.79","175g (1 kg = 15,94 €)","Obst & Gemüse","True","https://img.rewe-static.de/7984524/31583359_digital-image.png"
"REWE Bio Broccoli 1 Stück","REWE Bio","22245236","1.79","1 Stück","Obst & Gemüse","True","https://img.rewe-static.de/2245231/23270211_digital-image.png"
"Ananas klein extra sweet 1 Stück","NA","4014071721241","1.99","1 Stück","Obst & Gemüse","False","https://img.rewe-static.de/0195987/24569608_digital-image.png"
"Tomaten Süße Versuchung 200g","NA","25824445","2.79","200g (1 kg = 13,95 €)","Obst & Gemüse","False","https://img.rewe-static.de/8892909/37973820_digital-image.png"
"Galiamelone 1 Stück","NA","4327475095246","2.99","1 Stück","Obst & Gemüse","False","https://img.rewe-static.de/0020974/24570188_digital-image.png"
"Papaya essreif 1 Stück","NA","7861157600269","3.19","1 Stück","Obst & Gemüse","False","https://img.rewe-static.de/0026158/24569612_digital-image.png"
"REWE Bio Mango 1 Stück","REWE Bio","4388840026746","2.49","1 Stück","Obst & Gemüse","False","https://img.rewe-static.de/3402061/24569610_digital-image.png"
"Tomaten Toma Roma 500g","NA","8421167024470","1.69","500g (1 kg = 3,38 €)","Obst & Gemüse","False","https://img.rewe-static.de/7565418/47080569_digital-image.png"
"REWE Bio Rucola 80g","REWE Bio","22179944","1.29","80g (1 kg = 16,13 €)","Obst & Gemüse","False","https://img.rewe-static.de/2179945/23270147_digital-image.png"
"REWE Beste Wahl Limetten 4 Stück","REWE Beste Wahl","21316463","0.99","4 Stück","Obst & Gemüse","True","https://img.rewe-static.de/1316461/21287523_digital-image.png"
"Valensina Saftorangen 1kg im Netz","Valensina","21057960","2.99","1 Stück","Obst & Gemüse","True","https://img.rewe-static.de/1057961/21306091_digital-image.png"
"REWE Bio Kartoffeln festkochend 1,5kg","NA","24325141","2.99","1,50kg (1 kg = 1,99 €)","Obst & Gemüse","False","https://img.rewe-static.de/2550530/29319441_digital-image.png"
"Blumenkohl weiß 1 Stück","NA","20482336","1.99","1 Stück","Obst & Gemüse","True","https://img.rewe-static.de/0482331/7361280_digital-image.png"
"Cherrytomaten Eimer 400g","NA","8430543023891","3.29","400g (1 kg = 8,23 €)","Obst & Gemüse","False","https://img.rewe-static.de/3029089/31264809_digital-image.png"
"REWE Bio Knollensellerie ca. 1kg","REWE Bio","4388860447484","2.99","1 Stück ca. 1000 g (1 kg = 2,99 €)","Obst & Gemüse","False","https://img.rewe-static.de/8376955/32095518_digital-image.png"
"Pflaumen blau/schwarz ca. 100g","NA","20019617","0.4","1 Stück ca. 100 g (1 kg = 3,99 €)","Obst & Gemüse","True","https://img.rewe-static.de/0019615/7360340_digital-image.png"
"Bio Kräuterseitlinge 125g","NA","22095244","2.49","125g (1 kg = 19,92 €)","Obst & Gemüse","True","https://img.rewe-static.de/8916665/38782311_digital-image.png"
"Glatte Petersilie 30g","NA","22617385","0.99","40g (1 kg = 24,75 €)","Obst & Gemüse","False","https://img.rewe-static.de/1045885/24320075_digital-image.png"
"Honigmelone 1 Stück","NA","4260094780356","2.49","1 Stück","Obst & Gemüse","False","https://img.rewe-static.de/0045783/45303538_digital-image.png"
"Apfel Snack Gala 1kg","NA","28263715","2.99","1 Stück","Obst & Gemüse","False","https://img.rewe-static.de/8179366/28045563_digital-image.png"
"Apfel rot 1kg","NA","4021747290727","2.29","1 Stück","Obst & Gemüse","False","https://img.rewe-static.de/8153365/30105627_digital-image.png"
"REWE Bio Petersilie im Topf","REWE Bio","26032788","1.79","1 Stück","Obst & Gemüse","False","https://img.rewe-static.de/7598771/42628381_digital-image.png"
"REWE to go Falafel Salat vegan 310g","REWE to go","4337256851510","2.99","310g","Obst & Gemüse","False","https://img.rewe-static.de/7568348/44697425_digital-image.png"
"REWE Regional Apfel rot 900g","REWE Regional","21907470","2.69","1 Stück","Obst & Gemüse","False","https://img.rewe-static.de/1907470/23271236_digital-image.png"
"Mandarinen 1kg im Netz","NA","8435492600612","1.69","1kg","Obst & Gemüse","False","https://img.rewe-static.de/8349531/30461879_digital-image.png"
"REWE Bio Basilikum im Topf","REWE Bio","22617576","1.79","NA","Obst & Gemüse","False","https://img.rewe-static.de/1045916/28293089_digital-image.png"
"Granatapfel 1 Stück","NA","4000007116366","1.99","1 Stück","Obst & Gemüse","False","https://img.rewe-static.de/0024368/24569460_digital-image.png"
"REWE Bio Blumenkohl 1 Stück","REWE Bio","28358343","3.99","1 Stück","Obst & Gemüse","False","https://img.rewe-static.de/7152588/28404100_digital-image.png"
"Bio Aubergine 1 Stück","NA","28377443","1.99","1 Stück","Obst & Gemüse","False","https://img.rewe-static.de/8002326/31256005_digital-image.png"
"Rosenkohl 500g","NA","4251079302403","1.49","500g (1 kg = 2,98 €)","Obst & Gemüse","False","https://img.rewe-static.de/1033051/23274948_digital-image.png"
"REWE Bio Broccoli","REWE Bio","4388844188099","1.79","400g (1 kg = 4,48 €)","Obst & Gemüse","True","https://img.rewe-static.de/0726105/12013940_digital-image.png"
"Honey Pomelo Pink 1 Stück","NA","6971052191258","3.49","1 Stück","Obst & Gemüse","False","https://img.rewe-static.de/2375883/37865325_digital-image.png"
"REWE Feine Welt Knoblauchzopf im Bund","REWE Feine Welt","4388844288850","2.99","3 Stück","Obst & Gemüse","False","https://img.rewe-static.de/7033274/26623730_digital-image.png"
"REWE Bio Hokkaido Kürbis ca. 1kg","REWE Bio","4005817563324","3.99","1 Stück ca. 1000 g (1 kg = 3,99 €)","Obst & Gemüse","False","https://img.rewe-static.de/1429367/21289415_digital-image.png"
"REWE Orangen 1,5kg im Netz","REWE Beste Wahl","22634276","1.99","1,50kg (1 kg = 1,33 €)","Obst & Gemüse","True","https://img.rewe-static.de/1057913/21306094_digital-image.png"
"Nektarine gelb ca. 200g","NA","20195281","1.2","1 Stück ca. 200 g (1 kg = 5,99 €)","Obst & Gemüse","False","https://img.rewe-static.de/0195286/8578200_digital-image.png"
"REWE Beste Wahl Riesen Orangen 2,5kg","REWE Beste Wahl","21538162","5.79","2,50kg (1 kg = 2,32 €)","Obst & Gemüse","False","https://img.rewe-static.de/7822167/35165943_digital-image.png"
"Karotten mit Grün im Bund","NA","8437000005124","1.99","1 Stück","Obst & Gemüse","False","https://img.rewe-static.de/0483010/7361800_digital-image.png"
"Bio Süßkartoffeln ca. 500g","NA","21925559","1.85","1 Stück ca. 500 g (1 kg = 3,69 €)","Obst & Gemüse","True","https://img.rewe-static.de/7999523/31588770_digital-image.png"
"Physalis 125g","NA","8713128224112","2.49","125g (1 kg = 19,92 €)","Obst & Gemüse","False","https://img.rewe-static.de/8078988/31114987_digital-image.png"
"Zitrone 1 Stück","NA","21970269","0.79","1 Stück","Obst & Gemüse","False","https://img.rewe-static.de/1970267/24568900_digital-image.png"
"Krause Petersilie 40g","NA","22617378","0.99","40g (1 kg = 24,75 €)","Obst & Gemüse","False","https://img.rewe-static.de/1045884/24367090_digital-image.png"
"Kartoffel vorwiegend festkochend 2kg","NA","27156797","1.99","2kg (1 kg = 1 €)","Obst & Gemüse","False","https://img.rewe-static.de/8381531/31571956_digital-image.png"
"Rosmarin 15g","NA","28373636","0.99","15g (1 kg = 66 €)","Obst & Gemüse","False","https://img.rewe-static.de/7188190/27803235_digital-image.png"
"Kopfsalat 1 Stück","NA","4251079324610","1.99","1 Stück","Obst & Gemüse","False","https://img.rewe-static.de/0482684/11339830_digital-image.png"
"REWE Bio Sprossen Trio 100g","REWE Bio","4388860078664","1.19","100g (1 kg = 11,90 €)","Obst & Gemüse","True","https://img.rewe-static.de/7167047/28600277_digital-image.png"
"Thymian 15g","NA","22617262","0.99","15g (1 kg = 66 €)","Obst & Gemüse","False","https://img.rewe-static.de/1045853/24320076_digital-image.png"
"REWE Beste Wahl Salatmischung Winter Edition 120g","REWE Beste Wahl","4388860157000","1.29","120g (1 kg = 10,75 €)","Obst & Gemüse","False","https://img.rewe-static.de/7257960/28899234_digital-image.png"
"Apfel Golden Delicious ca. 250g","NA","29639793","0.75","1 Stück ca. 250 g (1 kg = 2,99 €)","Obst & Gemüse","False","https://img.rewe-static.de/9639799/24569040_digital-image.png"
"Traube Rot kernlos ca. 800g","NA","7755834000254","6.39","1 Stück ca. 800 g (1 kg = 7,99 €)","Obst & Gemüse","False","https://img.rewe-static.de/8354828/32490712_digital-image.png"
"Bio Kohlrabi 1 Stück","NA","28006169","1.39","1 Stück","Obst & Gemüse","False","https://img.rewe-static.de/8303870/32804594_digital-image.png"
"REWE Beste Wahl Salat Asia Mix 220g","REWE Beste Wahl","4337256796804","1.69","220g","Obst & Gemüse","False","https://img.rewe-static.de/9066974/42827744_digital-image.png"
"Rotkohl ca. 1,4kg","NA","22430472","2.09","1 Stück ca. 1400 g (1 kg = 1,49 €)","Obst & Gemüse","False","https://img.rewe-static.de/2430479/24569670_digital-image.png"
"Mandarinen ca. 100g","NA","26214498","0.4","1 Stück ca. 100 g (1 kg = 3,99 €)","Obst & Gemüse","False","https://img.rewe-static.de/6214495/3136180_digital-image.png"
"Bio Demeter Speisezwiebeln 500g im Netz","NA","4065992002100","1.99","500g (1 kg = 3,98 €)","Obst & Gemüse","False","https://img.rewe-static.de/8548893/33281774_digital-image.png"
"Erlenhof Gemüsezwiebeln 750g im Netz","NA","8435492605105","1.29","750g (1 kg = 1,72 €)","Obst & Gemüse","True","https://img.rewe-static.de/6238955/10309620_digital-image.png"
"Tomaten getrocknet 100g","NA","8011185010052","1.99","100g (1 kg = 19,90 €)","Obst & Gemüse","False","https://img.rewe-static.de/8343334/30673204_digital-image.png"
"Paprika orange ca. 250g","NA","20483548","1.25","1 Stück ca. 250 g (1 kg = 4,99 €)","Obst & Gemüse","False","https://img.rewe-static.de/0483540/24570154_digital-image.png"
"Physalis 100g","NA","4056186452542","1.99","1 Stück","Obst & Gemüse","False","https://img.rewe-static.de/1097517/21287526_digital-image.png"
"Nashi Birne 1 Stück","NA","20008116","1.19","1 Stück","Obst & Gemüse","False","https://img.rewe-static.de/0008117/37395495_digital-image.png"
"Trauben hell kernlos ca. 800g","NA","22731340","6.39","1 Stück ca. 800 g (1 kg = 7,99 €)","Obst & Gemüse","False","https://img.rewe-static.de/2731347/7362570_digital-image.png"
"Weißkohl ca. 1,5kg","NA","20570293","1.94","1 Stück ca. 1500 g (1 kg = 1,29 €)","Obst & Gemüse","False","https://img.rewe-static.de/0570290/24569669_digital-image.png"
"REWE Beste Wahl Steinpilze getrocknet 20g","REWE Beste Wahl","4337256674713","2.89","20g (1 kg = 144,50 €)","Obst & Gemüse","False","https://img.rewe-static.de/7661619/40685622_digital-image.png"
"Ready to eat Mungobohnenkeimlinge 200g","Ready to eat","4337256861373","1.29","200g (1 kg = 6,45 €)","Obst & Gemüse","False","https://img.rewe-static.de/8405653/38387404_digital-image.png"
"REWE to go Hähnchen Salat 310g","REWE to go","4337256763196","2.99","310g (1 kg = 9,65 €)","Obst & Gemüse","False","https://img.rewe-static.de/8701349/35525215_digital-image.png"
"REWE Beste Wahl Blattgoldstücke Mandarinen 900g","REWE Beste Wahl","21906879","2.79","900g (1 kg = 3,10 €)","Obst & Gemüse","False","https://img.rewe-static.de/1906872/23270616_digital-image.png"
"REWE Bio Zuckermais vakuumiert 400g","REWE","28089643","2.49","400g (1 kg = 6,23 €)","Obst & Gemüse","False","https://img.rewe-static.de/8114415/39511211_digital-image.png"
"Erdbeeren 400g","NA","20815059","4.99","400g (1 kg = 12,48 €)","Obst & Gemüse","False","https://img.rewe-static.de/7923107/35201280_digital-image.png"
"REWE to go Salatschale Wakame 130g","REWE to go","4337256667562","2.79","130g","Obst & Gemüse","False","https://img.rewe-static.de/8968784/40886806_digital-image.png"
"Bio Zwiebeln gelb 750g im Netz","NA","20307356","1.99","750g (1 kg = 2,65 €)","Obst & Gemüse","False","https://img.rewe-static.de/8471277/31473174_digital-image.png"
"REWE to go Salatschale Orzo vegan 310g","REWE to go","4337256765671","2.99","310g (1 kg = 9,65 €)","Obst & Gemüse","False","https://img.rewe-static.de/7857797/34492785_digital-image.png"
"Divino-Imperial Tomaten 200g","NA","8718366089448","2.99","200g (1 kg = 14,95 €)","Obst & Gemüse","False","https://img.rewe-static.de/7224651/27717542_digital-image.png"
"Frischer Knoblauch ca. 60g","NA","20466244","0.95","1 Stück ca. 60 g (1 kg = 15,90 €)","Obst & Gemüse","False","https://img.rewe-static.de/0466247/7360210_digital-image.png"
"Champignons braun","NA","20479220","0.28","1 Stück ca. 40 g (1 kg = 6,90 €)","Obst & Gemüse","False","https://img.rewe-static.de/0479225/23272009_digital-image.png"
"Tafeläpfel bunt 1kg","NA","23850712","2.99","1 Stück ca. 1000 g (1 kg = 2,99 €)","Obst & Gemüse","False","https://img.rewe-static.de/2237343/28540848_digital-image.png"
"REWE Bio Petersilienwurzel 300g","REWE Bio","25908268","2.49","300g (1 kg = 8,30 €)","Obst & Gemüse","False","https://img.rewe-static.de/9038149/41864627_digital-image.png"
"Rote Bete ca. 100g","NA","20468446","0.15","1 Stück ca. 100 g (1 kg = 1,49 €)","Obst & Gemüse","False","https://img.rewe-static.de/0468444/24567038_digital-image.png"
"Möhrenstifte","Ready to eat","4000876923188","0.99","200g (1 kg = 4,95 €)","Obst & Gemüse","False","https://img.rewe-static.de/8033047/30825540_digital-image.png"
"Cherry Tomate Sarita","NA","8437016787151","1.29","225g (1 kg = 5,73 €)","Obst & Gemüse","False","https://img.rewe-static.de/8845357/37526519_digital-image.png"
"Apfel Cripps Pink ca. 250g","NA","29696246","0.85","1 Stück ca. 250 g (1 kg = 3,39 €)","Obst & Gemüse","False","https://img.rewe-static.de/9696245/7361240_digital-image.png"
"REWE Feine Welt Kernlose Mini-Paprika 150g","REWE Feine Welt","4337256763813","1.79","150g (1 kg = 11,93 €)","Obst & Gemüse","False","https://img.rewe-static.de/8956990/39450858_digital-image.png"
"REWE Bio Weisskohl 1 Stück","REWE Bio","24673792","2.19","NA","Obst & Gemüse","False","https://img.rewe-static.de/2588136/24569673_digital-image.png"
"Florette Salatmischung Winter-Genuss 100g","Florette","3280221908157","1.99","100g (1 kg = 19,90 €)","Obst & Gemüse","False","https://img.rewe-static.de/2630620/26113257_digital-image.png"
"Suppengrün 1kg","NA","4016583000326","2.99","1000g","Obst & Gemüse","False","https://img.rewe-static.de/3003282/25642442_digital-image.png"
"Bio Demeter Apfel ca. 150g","NA","20693695","0.52","1 Stück ca. 150 g (1 kg = 3,49 €)","Obst & Gemüse","False","https://img.rewe-static.de/8528584/33808380_digital-image.png"
"Pflaumen blau/schwarz 500g","NA","21077920","3.29","500g (1 kg = 6,58 €)","Obst & Gemüse","False","https://img.rewe-static.de/1077924/26872366_digital-image.png"
"Bio Pastinake 300g","NA","28374688","2.19","1 Stück","Obst & Gemüse","False","https://img.rewe-static.de/7171573/29047496_digital-image.png"
"Apfel Gala rot ca. 250g","NA","29175390","0.75","1 Stück ca. 250 g (1 kg = 2,99 €)","Obst & Gemüse","False","https://img.rewe-static.de/9175393/24568905_digital-image.png"
"Rewe Feine Welt Romanasalat Herzen fein 4 Stück","REWE Feine Welt","4260548675542","2.49","4 Stück","Obst & Gemüse","False","https://img.rewe-static.de/7932874/34410980_digital-image.png"
"Apfel Boskoop ca. 200g","NA","25849370","0.6","1 Stück ca. 200 g (1 kg = 2,99 €)","Obst & Gemüse","False","https://img.rewe-static.de/5849373/24569280_digital-image.png"
"REWE Beste Wahl Orangen ca. 250g","REWE Beste Wahl","27414248","0.75","1 Stück ca. 250 g (1 kg = 2,99 €)","Obst & Gemüse","False","https://img.rewe-static.de/7414242/7362580_digital-image.png"
"Biozentrale BioKids Bio Linsen-Bolognese vegan 350g","biozentrale","4005009102881","3.49","350g (1 kg = 9,97 €)","Baby & Kind","False","https://img.rewe-static.de/7573982/43765891_digital-image.png"
"Vivess Babysocken grün 19-22 ca. 1-2 Jahre","Vivess","4337256610322","3.99","1 Stück","Baby & Kind","False","https://img.rewe-static.de/8915134/41549293_digital-image.png"
"REWE Bio Apfelchips 70g","REWE Bio","4337256787444","2.49","70g (1 kg = 35,57 €)","Baby & Kind","False","https://img.rewe-static.de/8467434/35022290_digital-image.png"
"Ferdi Fuchs Mini-Salami 4x12,5g","Ferdi Fuchs","4006639178093","1.59","4x12,50g (1 kg = 31,80 €)","Baby & Kind","False","https://img.rewe-static.de/0577145/28305865_digital-image.png"
"KoRo Bio Erdbeerscheiben gefriergetrocknet 20g","KoRo","4260335839591","2.49","20g (1 kg = 124,50 €)","Baby & Kind","False","https://img.rewe-static.de/8009540/36686346_digital-image.png"
"Iglo Chicken Nuggets Safari Mix 250g","Iglo","4250241209731","3.99","250g (1 kg = 15,96 €)","Baby & Kind","False","https://img.rewe-static.de/9096258/43858252_digital-image.png"
"Lorenz Saltletts Pausen Cracker 100g","Saltletts","4018077779930","2.19","100g (1 kg = 21,90 €)","Baby & Kind","False","https://img.rewe-static.de/8339415/30177535_digital-image.png"
"Dr. Oetker Prinzessin Lillifee Muffins Backmischung 397g","Dr. Oetker","4000521500207","4.49","397g (1 kg = 11,31 €)","Baby & Kind","False","https://img.rewe-static.de/0217810/5408000_digital-image.png"
"Bio Banane ca. 200g","REWE Bio","23376267","0.4","1 Stück ca. 200 g (1 kg = 1,99 €)","Baby & Kind","False","https://img.rewe-static.de/1930502/24568902_digital-image.png"
"Zespri Kiwi Gold 1 Stück","NA","20022242","0.89","1 Stück","Baby & Kind","False","https://img.rewe-static.de/0022241/36093611_digital-image.png"
"REWE Beste Wahl Banane ca. 200g","REWE Beste Wahl","22590541","0.36","1 Stück ca. 200 g (1 kg = 1,79 €)","Baby & Kind","True","https://img.rewe-static.de/1028378/21012012_digital-image.png"
"REWE Bio Gurke 1 Stück","REWE Bio","7610632984741","1.69","1 Stück","Baby & Kind","False","https://img.rewe-static.de/7359497/24569872_digital-image.png"
"Tafeltrauben kernlos hell und blau 500g","NA","4260274271223","2.49","500g (1 kg = 4,98 €)","Baby & Kind","False","https://img.rewe-static.de/1105069/25288714_digital-image.png"
"Tafeltrauben hell kernlos 500g","NA","4046434245910","2.39","500g (1 kg = 4,78 €)","Baby & Kind","False","https://img.rewe-static.de/1105044/21306366_digital-image.png"
"REWE Bio Möhren 1kg","REWE Bio","24673808","1.69","1kg","Baby & Kind","False","https://img.rewe-static.de/2588140/24343912_digital-image.png"
"Karotten 1kg","REWE Beste Wahl","4018905555958","1.19","1kg","Baby & Kind","False","https://img.rewe-static.de/1045111/21288882_digital-image.png"
"Iglo Fischstäbchen 450g, 15 Stück","Iglo","4250241203524","4.49","450g (1 kg = 9,98 €)","Baby & Kind","False","https://img.rewe-static.de/4305760/24973160_digital-image.png"
"Himbeeren 125g","NA","4061458242936","2.79","125g (1 kg = 22,32 €)","Baby & Kind","False","https://img.rewe-static.de/8448551/31583158_digital-image.png"
"REWE Beste Wahl 10 Mini Frühlingsrollen 280g","REWE Beste Wahl","4337256870320","2.59","280g (1 kg = 9,25 €)","Baby & Kind","False","https://img.rewe-static.de/8019360/30678925_digital-image.png"
"Milram Benjamin 48% Scheiben 150g","Milram","4036300005304","2.69","150g (1 kg = 17,93 €)","Baby & Kind","False","https://img.rewe-static.de/7217101/27600403_digital-image.png"
"Danone Actimel Kids Erdbeere Banane 8x100g","Actimel","4009700074928","3.99","8x100g (1 kg = 4,99 €)","Baby & Kind","False","https://img.rewe-static.de/2364652/23674187_digital-image.png"
"Tafeltrauben blau kernlos 500g","NA","4049107007235","2.39","500g (1 kg = 4,78 €)","Baby & Kind","False","https://img.rewe-static.de/1104863/21432767_digital-image.png"
"REWE Bio Gouda 150g","REWE Bio","4337256414685","1.99","150g (1 kg = 13,27 €)","Baby & Kind","False","https://img.rewe-static.de/0200347/7331030_digital-image.png"
"Bio Paprika 400g","NA","28349709","2.99","400g (1 kg = 7,48 €)","Baby & Kind","False","https://img.rewe-static.de/7158570/39459560_digital-image.png"
"Nestlé Schöller Eis Bum Bum Multipackung 4x72ml","Nestlé","7613035050655","3.99","4x72ml (1 l = 13,85 €)","Baby & Kind","False","https://img.rewe-static.de/2371829/23775262_digital-image.png"
"Reinert Bärchen Geflügelwurst 115g","NA","4006229028159","2.39","115g (1 kg = 20,78 €)","Baby & Kind","False","https://img.rewe-static.de/8405542/41483365_digital-image.png"
"Zott Monte Maxi Schoko 4x100g","Monte","4014500036830","2.69","4x100g (1 kg = 6,73 €)","Baby & Kind","False","https://img.rewe-static.de/0185984/22264573_digital-image.png"
"Zespri Kiwi Green 1 Stück","NA","9420514500000","0.29","1 Stück","Baby & Kind","True","https://img.rewe-static.de/0195634/31049727_digital-image.png"
"Coppenrath & Wiese Benjamin Blümchen Erdbeer-Schoko-Sahnetorte 500g","Conditorei Coppenrath & Wiese","4008577001532","5.49","500g (1 kg = 10,98 €)","Baby & Kind","True","https://img.rewe-static.de/0566071/3392310_digital-image.png"
"Mini Gurke 1 Stück","NA","28297796","0.59","1 Stück","Baby & Kind","False","https://img.rewe-static.de/7238557/28430588_digital-image.png"
"Mini Babybel Original Käse-Snack 9 Stück 180g","Babybel","3073781106350","4.19","180g (1 kg = 23,28 €)","Baby & Kind","False","https://img.rewe-static.de/8186850/28335382_digital-image.png"
"REWE to go Karottini 250g","REWE to go","4337256903752","0.79","250g (1 kg = 3,16 €)","Baby & Kind","True","https://img.rewe-static.de/2625775/25598665_digital-image.png"
"Rauch Happy Day Maracuja 1l","Happy Day","9008700128575","2.69","1l","Baby & Kind","False","https://img.rewe-static.de/0153046/988890_digital-image.png"
"Milchschnitte 10x28g","Ferrero","4008400191423","2.79","10x28g (1 kg = 9,96 €)","Baby & Kind","False","https://img.rewe-static.de/9949852/2817660_digital-image.png"
"Tuc Cracker Original 100g","Tuc","5410041001204","1.49","100g (1 kg = 14,90 €)","Baby & Kind","False","https://img.rewe-static.de/0215147/1197720_digital-image.png"
"REWE Beste Wahl Mini Laugen-Mix 10er","REWE Beste Wahl","4337256742122","2.69","518g (1 kg = 5,19 €)","Baby & Kind","False","https://img.rewe-static.de/8283301/29387408_digital-image.png"
"Rügenwalder Mühle Abenteuer Mortadella Vegan 80g","Rügenwalder Mühle","4000405002834","1.59","80g (1 kg = 19,88 €)","Baby & Kind","False","https://img.rewe-static.de/7585545/43105156_digital-image.png"
"Leibniz Zoo Dinkel & Hafer 125g","Leibniz","4017100138126","1.79","125g (1 kg = 14,32 €)","Baby & Kind","False","https://img.rewe-static.de/8722879/35771598_digital-image.png"
"Capri-Sun Elfentrank Multipack 10x0,2l","Capri-Sun","4000177170717","3.49","10x0,20l (1 l = 1,75 €)","Baby & Kind","True","https://img.rewe-static.de/1449587/26223109_digital-image.png"
"Almette Kräuter 150g","Almette","4002468084017","1.99","150g (1 kg = 13,27 €)","Baby & Kind","False","https://img.rewe-static.de/4399544/2623650_digital-image.png"
"Vivess Malblock A4","Vivess","4015291008143","2.79","1 Stück","Baby & Kind","False","https://img.rewe-static.de/2868125/35965957_digital-image.png"
"Capri-Sun Monsteralarm Multipack 10x0,2l","Capri-Sun","4000177171929","3.49","10x0,20l (1 l = 1,75 €)","Baby & Kind","True","https://img.rewe-static.de/2100695/26223011_digital-image.png"
"Original Wagner Piccolinis Brezel 234g","Original Wagner","8445290960313","3.49","234g (1 kg = 14,91 €)","Baby & Kind","False","https://img.rewe-static.de/7636724/41423936_digital-image.png"
"Palmolive Flüssigseife Hygiene-Plus Family antibakteriell 300ml","Palmolive","8003520012944","1.69","300ml (1 l = 5,63 €)","Baby & Kind","False","https://img.rewe-static.de/3286738/22430220_digital-image.png"
"Lenor Sensitiv Waschmittel All-in-1 Pods 363g 15WL","Lenor","8700216292535","5.19","363g (1 kg = 14,30 €)","Baby & Kind","False","https://img.rewe-static.de/9052358/42761348_digital-image.png"
"REWE Beste Wahl Marshmallows 300g","REWE Beste Wahl","4337256803458","1.79","300g (1 kg = 5,97 €)","Baby & Kind","False","https://img.rewe-static.de/7196860/27566591_digital-image.png"
"Nestlé Smarties Bunte Schokolinsen Mini Schachteln 187g","SMARTIES","7613287110688","4.49","187g (1 kg = 24,01 €)","Baby & Kind","False","https://img.rewe-static.de/2749243/24897663_digital-image.png"
"REWE Bio Naturland Kartoffel Wedges 600g","REWE Bio","4337256664448","1.99","600g (1 kg = 3,32 €)","Baby & Kind","True","https://img.rewe-static.de/8956226/40801880_digital-image.png"
"Dr. Oetker Löffelglück Milchreis Natur 400g","Dr. Oetker","4023600017144","2.49","400g (1 kg = 6,23 €)","Baby & Kind","False","https://img.rewe-static.de/9112004/43979782_digital-image.png"
"Katjes Wunderland Party vegan 175g","Katjes","4037400344751","1.19","175g (1 kg = 6,80 €)","Baby & Kind","False","https://img.rewe-static.de/8968916/40286220_digital-image.png"
"Iglo Rahm-Spinat portionierbar 750g","Iglo","4250241208581","3.29","750g (1 kg = 4,39 €)","Baby & Kind","False","https://img.rewe-static.de/8426324/30989982_digital-image.png"
"Iglo Rahmgemüse Erbsen & Karotten 480g","Iglo","4250241201285","3.29","480g (1 kg = 6,85 €)","Baby & Kind","False","https://img.rewe-static.de/0531069/23746024_digital-image.png"
"REWE Bio Passata passierte Tomaten 700g","REWE Bio","4337256343107","1.59","700g (1 kg = 2,27 €)","Baby & Kind","False","https://img.rewe-static.de/0294936/1893540_digital-image.png"
"REWE Bio Milchreis 500g","REWE Bio","4388860081190","1.59","500g (1 kg = 3,18 €)","Baby & Kind","False","https://img.rewe-static.de/7186200/28011466_digital-image.png"
"REWE Bio Cherry Romatomaten 250g","REWE Bio","23826137","2.22","250g (1 kg = 8,88 €)","Baby & Kind","False","https://img.rewe-static.de/2224358/23270214_digital-image.png"
"REWE Beste Wahl Mandarinen 750g im Netz","NA","4337185355448","1.99","1 Stück","Baby & Kind","True","https://img.rewe-static.de/8380889/30248452_digital-image.png"
"Corny Schoko-Banane 6x25g","CORNY","4011800523213","1.79","6x25g (1 kg = 11,93 €)","Baby & Kind","False","https://img.rewe-static.de/0544805/21427149_digital-image.png"
"Corny Milch Classic 4x30g","CORNY","4011800562212","1.79","4x30g (1 kg = 14,92 €)","Baby & Kind","False","https://img.rewe-static.de/0544828/22736757_digital-image.png"
"Iglo Backfisch-Stäbchen 364g","Iglo","4250241204170","4.49","364g (1 kg = 12,34 €)","Baby & Kind","False","https://img.rewe-static.de/1369917/24972141_digital-image.png"
"Pringles Sweet Paprika Chips 165g","Pringles","5053990175123","2.49","165g (1 kg = 15,09 €)","Baby & Kind","False","https://img.rewe-static.de/7596061/42866906_digital-image.png"
"Tartex Bio Brotaufstrich Avocado 140g","Tartex","4005514072211","2.69","140g (1 kg = 19,21 €)","Baby & Kind","False","https://img.rewe-static.de/8210581/39102846_digital-image.png"
"Dr. Oetker Bistro Baguette Tomate & Fromage 250g","Dr. Oetker","4001724038085","2.29","250g (1 kg = 9,16 €)","Baby & Kind","False","https://img.rewe-static.de/7828074/35069059_digital-image.png"
"REWE to go Granatapfelkerne 80g","REWE to go","4337256916424","1.99","80g (1 kg = 24,88 €)","Baby & Kind","False","https://img.rewe-static.de/7071497/28884045_digital-image.png"
"Kinder Pingui 8 Stück","Kinder","4008400290829","2.79","8x30g (1 kg = 11,63 €)","Baby & Kind","False","https://img.rewe-static.de/9949968/6734760_digital-image.png"
"Müller Joghurt mit der Ecke Schoko-Balls 150g","Müller","40255729","0.89","150g (1 kg = 5,93 €)","Baby & Kind","False","https://img.rewe-static.de/0833533/4773550_digital-image.png"
"Babytime Feuchttücher sensitiv 2x80 Stück","Babytime","21337345","1.95","2x80 Stück","Baby & Kind","False","https://img.rewe-static.de/8320041/29927825_digital-image.png"
"REWE Bio Hähnchen-Lyoner70g","REWE Bio","4337256210119","1.39","70g (1 kg = 19,86 €)","Baby & Kind","False","https://img.rewe-static.de/8397625/31025935_digital-image.png"
"Haribo Kinder Party 250g","Haribo","4001686003015","2.49","250g (1 kg = 9,96 €)","Baby & Kind","False","https://img.rewe-static.de/9034263/42148824_digital-image.png"
"Kiri Dippi praktischer Käse-Snack 3 Stück 105g","Kiri","3073781056358","2.99","105g (1 kg = 28,48 €)","Baby & Kind","False","https://img.rewe-static.de/2949721/25735095_digital-image.png"
"Harry Sammys Vollkorn Super Sandwich 750g","Harry","4071800056784","2.39","750g (1 kg = 3,19 €)","Baby & Kind","False","https://img.rewe-static.de/8844190/36469598_digital-image.png"
"Reinert Bärchenwurst Mortadella 115g","Reinert","4006229015579","2.39","115g (1 kg = 20,78 €)","Baby & Kind","False","https://img.rewe-static.de/1435974/20680757_digital-image.png"
"Rügenwalder Mühle Vegane Mühlen Cordon Bleu 200g","Rügenwalder Mühle","4000405005026","3.29","2x100g (1 kg = 16,45 €)","Baby & Kind","False","https://img.rewe-static.de/2363484/23598690_digital-image.png"
"Iglo Green Cuisine Gemüsestäbchen vegan 426g","Iglo","4250241204231","2.99","426g (1 kg = 7,02 €)","Baby & Kind","False","https://img.rewe-static.de/1321392/19074390_digital-image.png"
"REWE Bio Leberwurst mit Kalbfleisch, fein 125g","REWE Bio","4337256205443","1.99","125g (1 kg = 15,92 €)","Baby & Kind","False","https://img.rewe-static.de/8178294/28898096_digital-image.png"
"Kinder Kinderini 250g","Kinder","8000500391228","3.49","250g (1 kg = 13,96 €)","Baby & Kind","False","https://img.rewe-static.de/9030601/43928698_digital-image.png"
"Milkana Tolle Rolle Original 100g","Milkana","4045357007391","2.69","100g (1 kg = 26,90 €)","Baby & Kind","False","https://img.rewe-static.de/2888574/25376047_digital-image.png"
"Katjes Wunderland Rainbow Edition vegan 175g","Katjes","4037400344799","1.19","175g (1 kg = 6,80 €)","Baby & Kind","False","https://img.rewe-static.de/7661802/40286110_digital-image.png"
"REWE Bio Naturreis Spitzen-Langkorn 1kg","REWE Bio","4337256409261","2.59","1kg","Baby & Kind","False","https://img.rewe-static.de/8032052/31063840_digital-image.png"
"Nestlé Pirulo Wassereis Watermelon 365ml","Nestlé","8606018617098","3.99","365ml (1 l = 10,93 €)","Baby & Kind","False","https://img.rewe-static.de/9044274/42942720_digital-image.png"
"Danone Fruchtzwerge Go Erdbeere 70g","Fruchtzwerge","4009700077998","0.79","70g (1 kg = 11,29 €)","Baby & Kind","False","https://img.rewe-static.de/2703758/42753889_digital-image.png"
"Nestlé Schöller Family Box 478ml","Schöller","5900130040240","3.99","478ml (1 l = 8,35 €)","Baby & Kind","False","https://img.rewe-static.de/9081837/43268781_digital-image.png"
"REWE Beste Wahl Schokodrink weniger Zucker 400g","REWE Beste Wahl","4337256677080","3.29","400g (1 kg = 8,23 €)","Baby & Kind","False","https://img.rewe-static.de/7658617/41155380_digital-image.png"
"Hipp Bio Combiotik Pre 600g","Hipp","4062300398894","14.95","600g (1 kg = 24,92 €)","Baby & Kind","False","https://img.rewe-static.de/8653884/34680045_digital-image.png"
"Celebrations Pralinen Mix 269g","Celebrations","5000159500296","5.49","269g (1 kg = 20,41 €)","Baby & Kind","False","https://img.rewe-static.de/3142097/26994300_digital-image.png"
"Hipp Bio Spaghetti Bolognese 190g","Hipp","4062300266247","1.65","190g (1 kg = 8,68 €)","Baby & Kind","False","https://img.rewe-static.de/8074100/10219370_digital-image.png"
"REWE Beste Wahl Fusilli N°22 500g","REWE Beste Wahl","4388844202696","1.39","500g (1 kg = 2,78 €)","Baby & Kind","False","https://img.rewe-static.de/2631972/24970887_digital-image.png"
"True Fruits Smoothie triple yellow 750ml","True Fruits","4260122390373","3.49","750ml (1 l = 4,65 €)","Baby & Kind","True","https://img.rewe-static.de/0493135/11753640_digital-image.png"
"Freche Freunde Bio Erdbeere Fruchtchips 12g","Freche Freunde","4260249140530","1.89","12g (1 kg = 157,50 €)","Baby & Kind","False","https://img.rewe-static.de/2388398/24940090_digital-image.png"
"REWE Bio Pesto Verde Vegan 130g","REWE Bio","4337256473699","2.49","130g (1 kg = 19,15 €)","Baby & Kind","False","https://img.rewe-static.de/8486583/32512097_digital-image.png"
"Dr. Oetker Götterspeise Waldmeister-Geschmack 25,2g","Dr. Oetker","4000521026745","1.29","2x12,60g (1 kg = 51,19 €)","Baby & Kind","False","https://img.rewe-static.de/7875000/33508966_digital-image.png"
"Rauch Happy Day Cocos-Ananas 1l","Happy Day","9008700150095","2.69","1l","Baby & Kind","False","https://img.rewe-static.de/1091496/10228780_digital-image.png"
"Hipp Hippis Bio Erdbeere Banane in Apfel 100g","Hipp","4062300278547","1.05","100g (1 kg = 10,50 €)","Baby & Kind","False","https://img.rewe-static.de/3246436/26439972_digital-image.png"
"Hipp Hippis Anton Affe Bio Apfel-Birne-Banane 100g","Hipp","4062300278530","1.05","100g (1 kg = 10,50 €)","Baby & Kind","False","https://img.rewe-static.de/3246427/26439969_digital-image.png"
"Bonduelle Bio Kidney Bohnen 250g","Bonduelle","3083681052831","2.29","250g (1 kg = 9,16 €)","Baby & Kind","False","https://img.rewe-static.de/3068496/28057297_digital-image.png"
"Today Sun Kids Sonnencreme Sensitiv LSF 50+ 150ml","Today","22564559","5.49","150ml (1 l = 36,60 €)","Baby & Kind","False","https://img.rewe-static.de/7637084/41854097_digital-image.png"
"Hipp Gute Nacht Bio Grießbrei pur ohne Zuckerzusatz 190g","Hipp","4062300123175","1.59","190g (1 kg = 8,37 €)","Baby & Kind","False","https://img.rewe-static.de/0590834/10220150_digital-image.png"
"Hipp Bio Frühstücks Porridge Mango-Banane-Haferbrei 160g","Hipp","4062300409064","1.19","160g (1 kg = 7,44 €)","Baby & Kind","False","https://img.rewe-static.de/8556498/33206699_digital-image.png"
"Hipp 100% Bio Direktsaft Multifrucht mit Karotte nach dem 4. Monat 330g","Hipp","4062300345287","1.55","330g (1 l = 4,70 €)","Baby & Kind","False","https://img.rewe-static.de/8086693/29370019_digital-image.png"
"REWE Bio Joghurt mild Erdbeer-Himbeer 150g","REWE Bio","4337256387415","0.49","150g (1 kg = 3,27 €)","Baby & Kind","True","https://img.rewe-static.de/0784612/5300410_digital-image.png"
"yfood Trinkmahlzeit Crazy Coconut 500ml","yfood","4260556635613","2.99","500ml (1 l = 5,98 €)","Baby & Kind","True","https://img.rewe-static.de/9019484/42207199_digital-image.png"
"Dr. Oetker Mini Dekorblüten 40g","Dr. Oetker","4000521018573","2.99","40g (1 kg = 74,75 €)","Baby & Kind","False","https://img.rewe-static.de/3258552/26384352_digital-image.png"
"Finn Crisp Original 200g","Finn Crisp","6410500090014","1.49","200g (1 kg = 7,45 €)","Baby & Kind","True","https://img.rewe-static.de/9559124/2264070_digital-image.png"
"Ritz Cracker 200g","Ritz","5000396021202","1.69","200g (1 kg = 8,45 €)","Baby & Kind","False","https://img.rewe-static.de/8243700/7470760_digital-image.png"
"Bionade Bio Naturtrübe Zitrone 12x0,33l","Bionade","4014472980056","10.79","12x0,33l (1 l = 2,72 €)","Baby & Kind","False","https://img.rewe-static.de/8291030/29529099_digital-image.png"
"Hipp Bio-Rindfleisch Zubereitung 125g","Hipp","4062300266346","1.75","125g (1 kg = 14 €)","Baby & Kind","False","https://img.rewe-static.de/0248053/10218430_digital-image.png"
"Kaba Kakao 400g","Kaba","4052700022932","2.79","400g (1 kg = 6,98 €)","Baby & Kind","False","https://img.rewe-static.de/7695121/39431307_digital-image.png"
"yfood Trinkmahlzeit Classic Choco 500ml","yfood","4260556635460","2.99","500ml (1 l = 5,98 €)","Baby & Kind","True","https://img.rewe-static.de/9019224/42034382_digital-image.png"
"Valess Vegetarische Crispy Sticks 160g","Valess","8710912300380","3.19","160g (1 kg = 19,94 €)","Baby & Kind","False","https://img.rewe-static.de/8157573/28744034_digital-image.png"
"Kinder Bueno Eis 4x62g","Kinder","8000500384664","3.59","4x90g (1 l = 9,97 €)","Baby & Kind","False","https://img.rewe-static.de/8699056/35288668_digital-image.png"
"Kölln Vollkorn-Haferfleks Klassik 750g","Kölln","4000540011081","4.99","750g (1 kg = 6,65 €)","Baby & Kind","False","https://img.rewe-static.de/1230646/15154660_digital-image.png"
"REWE Bio Reiswaffeln glutenfrei 100g","REWE Bio","4337256565042","0.69","100g (1 kg = 6,90 €)","Baby & Kind","False","https://img.rewe-static.de/7046256/28004138_digital-image.png"
"Pom-Bär Crizzlies Original 150g","Funny-frisch","4000522108433","2.79","150g (1 kg = 18,60 €)","Baby & Kind","False","https://img.rewe-static.de/8950716/40815549_digital-image.png"
"Iglo Rahmspinat 1,3kg","Iglo","4250241202787","4.49","1300g (1 kg = 3,45 €)","Baby & Kind","False","https://img.rewe-static.de/0951475/23749342_digital-image.png"
"REWE Bio Sonnenmais 140g","REWE Bio","4337256679145","0.89","140g (1 kg = 6,36 €)","Baby & Kind","False","https://img.rewe-static.de/0371375/29196838_digital-image.png"
"Dr. Oetker Backmischung Mini Muffins 280g","Dr. Oetker","4000521030155","2.22","280g (1 kg = 7,93 €)","Baby & Kind","True","https://img.rewe-static.de/8805950/39364043_digital-image.png"
"Haribo Color-Rado Party Box 750g","Haribo","4001686002513","4.69","750g (1 kg = 6,25 €)","Baby & Kind","False","https://img.rewe-static.de/9028038/42121905_digital-image.png"
"Persil Vollwaschmittel Sensitive Megaperls 1,04kg, 16WL","Persil","4015200033471","6.35","1,04kg (1 kg = 6,11 €)","Baby & Kind","False","https://img.rewe-static.de/9000919/41239427_digital-image.png"
"Haribo Phantasia Party Box 750g","Haribo","4001686002490","4.69","750g (1 kg = 6,25 €)","Baby & Kind","False","https://img.rewe-static.de/7622563/42121899_digital-image.png"
"REWE Bio Gouda Holland jung 250g","REWE Bio","4337256547826","2.89","250g (1 kg = 11,56 €)","Baby & Kind","False","https://img.rewe-static.de/7715074/39839819_digital-image.png"
"Hipp Bio Spaghetti Bolognese 1-3 Jahre 250g","Hipp","4062300255050","2.15","250g (1 kg = 8,60 €)","Baby & Kind","False","https://img.rewe-static.de/1118421/20475059_digital-image.png"
"Ferdi Fuchs Geflügel Mini Würstchen 100g","Ferdi Fuchs","4006639069506","1.59","5x20g (1 kg = 15,90 €)","Baby & Kind","False","https://img.rewe-static.de/7156058/27708734_digital-image.png"
"Sagrotan Samt-Schaum Seife Kirschblüte & Rose 250ml","Sagrotan","4002448101659","2.99","250ml (1 l = 11,96 €)","Baby & Kind","False","https://img.rewe-static.de/3018525/27195389_digital-image.png"
"Penaten Natursanft Pflegelotion 400ml","Penaten","3574661691619","5.99","400ml (1 l = 14,98 €)","Baby & Kind","False","https://img.rewe-static.de/8819956/37721814_digital-image.png"
"Pampers Baby-Dry Windeln Pants Gr.6 14-19kg 20 Stück","Pampers","8700216241403","8.49","20 Stück","Baby & Kind","False","https://img.rewe-static.de/8688097/40256478_digital-image.png"
"Funny-frisch Goldfischli Original 100g","Funny-frisch","4000522060038","1.49","100g (1 kg = 14,90 €)","Baby & Kind","False","https://img.rewe-static.de/3688437/1176710_digital-image.png"
"Sagrotan 2in1 Desinfektionstuch 40 Stück","Sagrotan","4002448122920","3.49","40 Stück","Baby & Kind","False","https://img.rewe-static.de/7240148/28766062_digital-image.png"
"REWE Bio Schinkenwurst 100g","REWE Bio","4337256755573","1.45","100g (1 kg = 14,50 €)","Baby & Kind","False","https://img.rewe-static.de/9104010/42309912_digital-image.png"
"Dr. Karg's Vollkorn-Knäckebrot Käse & Kürbiskern 200g","Dr. Karg's","4033634051519","2.69","200g (1 kg = 13,45 €)","Baby & Kind","False","https://img.rewe-static.de/9294783/36260539_digital-image.png"
"Rügenwalder Mühle Vegane Mühlen Schnitzel 180g","Rügenwalder Mühle","4000405005002","3.29","2x90g (1 kg = 18,28 €)","Baby & Kind","False","https://img.rewe-static.de/2363478/23598482_digital-image.png"
"REWE Bio Vollkorn Brötchen 340g","REWE Bio","4337256689144","2.19","340g (1 kg = 6,44 €)","Baby & Kind","False","https://img.rewe-static.de/7652218/41578341_digital-image.png"
"Today Sun Kids Sonnenspray Sensitiv LSF 50 200ml","Today","22577092","5.29","200ml (1 l = 26,45 €)","Baby & Kind","False","https://img.rewe-static.de/9003458/41952550_digital-image.png"
"REWE Beste Wahl Kirschgrütze 360g","REWE Beste Wahl","4337256103053","1.69","360g (1 kg = 4,69 €)","Baby & Kind","False","https://img.rewe-static.de/0436948/22950981_digital-image.png"
"REWE Beste Wahl Maracuja-Nektar 1l","REWE Beste Wahl","4337256754187","1.99","1l","Baby & Kind","False","https://img.rewe-static.de/2796518/25452934_digital-image.png"
"REWE Bio Joghurt mild Vanille 150g","REWE Bio","4337256386807","0.49","150g (1 kg = 3,27 €)","Baby & Kind","True","https://img.rewe-static.de/0784616/5300470_digital-image.png"
"Haribo Fresh'n Fruity Party Box 750g","Haribo","4001686003428","4.69","750g (1 kg = 6,25 €)","Baby & Kind","False","https://img.rewe-static.de/9026249/42491131_digital-image.png"
"REWE Bio Dinkel Doppelkeks 330g","REWE Bio","4337256125666","2.05","330g (1 kg = 6,21 €)","Baby & Kind","False","https://img.rewe-static.de/8060098/30053536_digital-image.png"
"Pritt Klebestift 2 Stück","Pritt","4015000419086","2.59","2x11g (1 kg = 117,73 €)","Baby & Kind","False","https://img.rewe-static.de/1283096/24011955_digital-image.png"
"REWE Bio Apfel-Bananenmark 360g","REWE Bio","4337256369633","1.15","360g (1 kg = 3,19 €)","Baby & Kind","False","https://img.rewe-static.de/0208864/1641100_digital-image.png"
"Capri-Sun Orange Multipack 10x0,2l","Capri-Sun","4000177032749","3.49","10x0,20l (1 l = 1,75 €)","Baby & Kind","True","https://img.rewe-static.de/9088543/43276832_digital-image.png"
"REWE Beste Wahl Käse-Würfel aus altem Gouda 175g","REWE Beste Wahl","4337256849401","2.99","175g (1 kg = 17,09 €)","Baby & Kind","False","https://img.rewe-static.de/9015613/42761656_digital-image.png"
"Ibis Milchbrötchen mit Schokostücken 350g","Ibis","4012263019428","2.89","350g (1 kg = 8,26 €)","Baby & Kind","False","https://img.rewe-static.de/1345773/23915812_digital-image.png"
"Kölln Knusper Hafermüsli 50% weniger Zucker 500g","Kölln","4000540003260","3.79","500g (1 kg = 7,58 €)","Baby & Kind","False","https://img.rewe-static.de/7769659/39591579_digital-image.png"
"REWE Bio Gouda Mittelalt pikant 150g","REWE Bio","4337256469319","2.59","150g (1 kg = 17,27 €)","Baby & Kind","False","https://img.rewe-static.de/7743850/41638524_digital-image.png"
"Sil Fleckenspray 1-für-Alles 0,5l","Sil","4015000972062","2.99","500l (1 l = 5,98 €)","Baby & Kind","False","https://img.rewe-static.de/8522595/32524924_digital-image.png"
"Libby's Pfirsiche in Hälften natursüß 240g","Libby's","7613034229069","2.29","240g (1 kg = 9,54 €)","Baby & Kind","False","https://img.rewe-static.de/1989044/22485072_digital-image.png"
"Kölln Beeriges Hafer-Porridge 375g","Kölln","4000540000726","3.49","375g (1 kg = 9,31 €)","Baby & Kind","False","https://img.rewe-static.de/8285997/29272278_digital-image.png"
"Funny-Frisch Ringli Paprika 75g","Funny-frisch","4003586102713","1.99","75g (1 kg = 26,53 €)","Baby & Kind","False","https://img.rewe-static.de/9983028/44905640_digital-image.png"
"Bübchen Shampoo & Spülung Prinzessin Rosalea 230ml","Bübchen","4065331001160","1.79","230ml (1 l = 7,78 €)","Baby & Kind","False","https://img.rewe-static.de/8724100/34779899_digital-image.png"
"Meica Mini Wini Singles extra zart 260g","Meica","4000503121802","4.49","260g (1 kg = 17,27 €)","Baby & Kind","False","https://img.rewe-static.de/7201788/9686110_digital-image.png"
"Bebivita Kinder-Spaß Apfel-Pfirsich-Mango 4x90g","Bebivita","4018852017332","2.65","4x90g (1 kg = 7,36 €)","Baby & Kind","False","https://img.rewe-static.de/1238771/20573092_digital-image.png"
"Hipp Bio Früh-Karotten 125g","Hipp","4062300020719","0.95","125g (1 kg = 7,60 €)","Baby & Kind","False","https://img.rewe-static.de/6902928/2862730_digital-image.png"
"Dr. Oetker Marmor-Wolke Backmischung 455g","Dr. Oetker","4000521004842","3.79","455g (1 kg = 8,33 €)","Baby & Kind","False","https://img.rewe-static.de/0731040/5820640_digital-image.png"
"Dr. Oetker Schokino Kuchen Backmischung 495g","Dr. Oetker","4000521029968","2.22","495g (1 kg = 4,48 €)","Baby & Kind","True","https://img.rewe-static.de/7801379/35802549_digital-image.png"
"Robby Bubble Jungle Party alkoholfrei 0,75l","Robby Bubble","4001681980588","3.35","0,75l (1 l = 4,47 €)","Baby & Kind","False","https://img.rewe-static.de/8174958/28346352_digital-image.png"
"Alete Mahlzeit zum Trinken Keks 2x200ml","Alete","4251099845126","1.99","2x200ml (1 l = 4,98 €)","Baby & Kind","False","https://img.rewe-static.de/0439753/35319587_digital-image.png"
"Pregnafix Schwangerschaftstest Schnell und Einfach 1 Stück","Pregnafix","9005365004213","3.49","1 Stück","Baby & Kind","False","https://img.rewe-static.de/8592436/33052886_digital-image.png"
"Dr. Oetker Marmorkuchen 350g","Dr. Oetker","4000521029845","3.29","350g (1 kg = 9,40 €)","Baby & Kind","False","https://img.rewe-static.de/7705852/38300433_digital-image.png"
"Volvic Juicy Sommerfrüchte 6x1l","Volvic","3057640447938","10.74","6x1l (1 l = 1,79 €)","Baby & Kind","False","https://img.rewe-static.de/2357367/29523785_digital-image.png"
"Langnese Eis Family Mix 7 Stück","Langnese","8711327635876","3.99","462ml (1 l = 8,64 €)","Baby & Kind","False","https://img.rewe-static.de/9053406/43740987_digital-image.png"
"KoRo Bio Nut Butter Cups Hazelnut vegan 39g","KoRo","4255582805642","1.99","39g (1 kg = 51,03 €)","Baby & Kind","False","https://img.rewe-static.de/8925507/39134507_digital-image.png"
"Duniwell Einmal-Baby-Waschlappen 40 Stück","Duniwell","7321011643721","2.29","40 Stück","Baby & Kind","False","https://img.rewe-static.de/0357010/10198750_digital-image.png"
"Penaten Pflegecreme Gesicht & Körper 100ml","Penaten","3574661606026","2.99","100ml (1 l = 29,90 €)","Baby & Kind","False","https://img.rewe-static.de/7910311/33124791_digital-image.png"
"Küchle Knabber-Esspapier verschiedene Sorten 25g","Küchle","4035600919113","0.99","25g (1 kg = 39,60 €)","Baby & Kind","False","https://img.rewe-static.de/2360028/23632576_digital-image.png"
"Persil Colorwaschmittel Pulver 4,5kg 75WL","Persil","4015200034027","18.99","4,50kg (1 kg = 4,22 €)","Baby & Kind","False","https://img.rewe-static.de/9041918/42558761_digital-image.png"
"Dr. Oetker Maulwurfkuchen Backmischung 435g","Dr. Oetker","4000521885007","3.79","435g (1 kg = 8,71 €)","Baby & Kind","False","https://img.rewe-static.de/5420857/2981040_digital-image.png"
"REWE Beste Wahl Salatmischung Family-Mix 300g","REWE Beste Wahl","4337256456883","1.59","300g (1 kg = 5,30 €)","Baby & Kind","True","https://img.rewe-static.de/7260480/27890844_digital-image.png"
"Faber-Castell Folienstifte Multimark non-permanent 2 Stück","Faber-Castell","4005401595991","3.29","NA","Baby & Kind","False","https://img.rewe-static.de/5855233/24021028_digital-image.png"
"Bio Paprika Mini Mix 150g","NA","28389576","1.99","150g (1 kg = 13,27 €)","Baby & Kind","False","https://img.rewe-static.de/7185911/31588511_digital-image.png"
"Dr. Oetker Kleine Zitronenkuchen 140g","Dr. Oetker","4000521030292","2.69","140g (1 kg = 19,21 €)","Baby & Kind","False","https://img.rewe-static.de/8899498/38461297_digital-image.png"
"REWE Beste Wahl Mini Donuts 273g","REWE Beste Wahl","4388844147935","2.49","273g (1 kg = 9,12 €)","Baby & Kind","False","https://img.rewe-static.de/2146674/23101944_digital-image.png"
"Cheestrings Original Käsestangen 4x20g","Cheestrings","5011069173081","2.19","4x20g (1 kg = 27,38 €)","Baby & Kind","False","https://img.rewe-static.de/7033238/26586529_digital-image.png"
"REWE Beste Wahl Vollkorn Brötchen 510g","REWE Beste Wahl","4337256712194","2.69","510g (1 kg = 5,27 €)","Baby & Kind","False","https://img.rewe-static.de/7726939/38387830_digital-image.png"
"Nestlé Pirulo Eis Tropical 280ml","Nestlé","5010238022786","3.99","280ml (1 l = 14,25 €)","Baby & Kind","False","https://img.rewe-static.de/7600075/42406137_digital-image.png"
"Hipp Hippis Thilo Tiger Bio Waldbeeren in Apfel-Pfirsich 100g","Hipp","4062300278554","1.05","100g (1 kg = 10,50 €)","Baby & Kind","False","https://img.rewe-static.de/3246502/26439975_digital-image.png"
"Valensina Kids Benjamin Blümchen Fruchtmix mit Karotte 6x0,33l","Valensina","4009491220115","6.54","6x0,33l (1 l = 3,30 €)","Baby & Kind","False","https://img.rewe-static.de/8657124/36968295_digital-image.png"
"REWE frei von Mini-Windbeutel glutenfrei 250g","REWE frei von","4337256723862","2.79","250g (1 kg = 11,16 €)","Baby & Kind","False","https://img.rewe-static.de/8126918/29363390_digital-image.png"
"Iglo Green Cuisine Chicken Dinos vegan 250g","Iglo","4250241209205","3.29","250g (1 kg = 13,16 €)","Baby & Kind","False","https://img.rewe-static.de/7797454/35752153_digital-image.png"
"REWE Beste Wahl Kirsch-Bananen-Nektar 1l","REWE Beste Wahl","4388860239218","1.39","1l","Baby & Kind","False","https://img.rewe-static.de/0135083/719800_digital-image.png"
"yfood Trinkmahlzeit Happy Banana 500ml","yfood","4260556635583","2.99","500ml (1 l = 5,98 €)","Baby & Kind","True","https://img.rewe-static.de/7629083/42207099_digital-image.png"
"Bebivita Bio Apfel Mango Vollkorn 250g","Bebivita","4018852029236","1.15","250g (1 kg = 4,60 €)","Baby & Kind","False","https://img.rewe-static.de/7994504/31712220_digital-image.png"
"Vöslauer Junior natürliches Mineralwasser für Kids 6x0,33l","Vöslauer","9009700207994","4.5","6x0,33l (1 l = 2,27 €)","Baby & Kind","False","https://img.rewe-static.de/0702901/22728217_digital-image.png"
"REWE Bio Roggenbrötchen 6 Stück 420g","REWE Bio","4337256314312","2.29","420g (1 kg = 5,45 €)","Baby & Kind","False","https://img.rewe-static.de/0321145/3815050_digital-image.png"
"REWE Bio Buttergemüse 300g","REWE Bio","4337256149310","1.69","300g (1 kg = 5,63 €)","Baby & Kind","False","https://img.rewe-static.de/1136740/11748930_digital-image.png"
"Müller's Mühle Popcorn Mais 500g","Müller's Mühle","4000286221737","1.39","500g (1 kg = 2,78 €)","Baby & Kind","False","https://img.rewe-static.de/3889718/22002553_digital-image.png"
"Pufuletti Maisstangen mit Hirse glutenfrei 60 g","NA","4260073358200","0.99","60g (1 kg = 16,50 €)","Baby & Kind","False","https://img.rewe-static.de/3213618/28438339_digital-image.png"
"REWE Bio Bananenchips gesüßt 300g","REWE Bio","4337256622813","2.49","300g (1 kg = 8,30 €)","Baby & Kind","False","https://img.rewe-static.de/3018245/2097690_digital-image.png"
"Hipp Bio Spaghetti Bolognese ab 12. Monat 250g","Hipp","4062300262515","1.85","250g (1 kg = 7,40 €)","Baby & Kind","False","https://img.rewe-static.de/8064890/3729960_digital-image.png"
"Danone Fruchtzwerge Erdbeere, Banane, Pfirsich-Birne 8x50g","Fruchtzwerge","4009700035745","2.89","8x50g (1 kg = 7,23 €)","Baby & Kind","False","https://img.rewe-static.de/5349613/35348106_digital-image.png"
"Harry Rosinenstuten 400g","Harry","4071800001333","2.29","400g (1 kg = 5,73 €)","Baby & Kind","False","https://img.rewe-static.de/4979907/2932470_digital-image.png"
"Hipp Kürbis mit Kartoffeln & Bio-Rind 190g","Hipp","4062300261532","1.65","190g (1 kg = 8,68 €)","Baby & Kind","False","https://img.rewe-static.de/0972169/10219240_digital-image.png"
"Iglo Chicken Nuggets Classic 250g","Iglo","4250241209724","3.99","250g (1 kg = 15,96 €)","Baby & Kind","False","https://img.rewe-static.de/9102046/43858289_digital-image.png"
"Actipan Das Vollkornbrötchen 570g, 6 Stück","NA","4260133619142","2.49","570g (1 kg = 4,37 €)","Baby & Kind","False","https://img.rewe-static.de/3244251/26205162_digital-image.png"
"Capri-Sun Kirsche Multipack 10x0,2l","Capri-Sun","4000177997000","3.49","10x0,20l (1 l = 1,75 €)","Baby & Kind","True","https://img.rewe-static.de/3645983/26223101_digital-image.png"
"Knack & Back Pizza-Kit 600g","Knack&Back","3392590205567","2.99","600g (1 kg = 4,98 €)","Baby & Kind","False","https://img.rewe-static.de/2085801/3033560_digital-image.png"
"REWE Bio Joghurt mild Stracciatella 150g","REWE Bio","4337256387163","0.49","150g (1 kg = 3,27 €)","Baby & Kind","True","https://img.rewe-static.de/0784792/5300550_digital-image.png"
"Lorenz NicNac's Big Original 110g","Lorenz","4018077760594","1.11","110g (1 kg = 10,09 €)","Baby & Kind","True","https://img.rewe-static.de/8395939/30960969_digital-image.png"
"REWE Bio Nudeln Fusilli 500g","REWE Bio","4337256185325","0.85","500g (1 kg = 1,70 €)","Baby & Kind","False","https://img.rewe-static.de/0274045/31322051_digital-image.png"
"Hitschler Hitschies Original Mix 210g","Hitschler","4100250006541","2.29","210g (1 kg = 10,90 €)","Baby & Kind","False","https://img.rewe-static.de/8002544/31009580_digital-image.png"
"Original Wagner Piccolinis Schinken 270g","Original Wagner","4009233014026","3.49","270g (1 kg = 12,93 €)","Baby & Kind","False","https://img.rewe-static.de/2418177/3836230_digital-image.png"
"Kinder Schokolade Eis 4x55ml","Kinder","8000500406427","3.59","220ml (1 l = 16,32 €)","Baby & Kind","False","https://img.rewe-static.de/8900568/38489736_digital-image.png"
"Dan Cake Gefüllte Kleinkuchen 250g","Dan Cake","5709152014549","1.59","250g (1 kg = 6,36 €)","Baby & Kind","False","https://img.rewe-static.de/6292631/3633780_digital-image.png"
"Hochland Sandwich Scheiben Bauernhof 150g","Hochland","4002468193283","2.69","150g (1 kg = 17,93 €)","Baby & Kind","False","https://img.rewe-static.de/7179238/27344830_digital-image.png"
"Corny Haferkraft Haselnuss Zero 4x35g","CORNY","4011800599614","1.79","4x35g (1 kg = 12,79 €)","Baby & Kind","False","https://img.rewe-static.de/7734570/39730644_digital-image.png"
"REWE Bio Salamisticks classic 60g","REWE Bio","4337256457477","2.29","60g (1 kg = 38,17 €)","Baby & Kind","False","https://img.rewe-static.de/7778921/36295389_digital-image.png"
"Maggi Buchstaben Suppe, ergibt 1l","Maggi","7613036042000","0.99","1l","Baby & Kind","False","https://img.rewe-static.de/7141984/27161528_digital-image.png"
"Bebivita Spaghetti Bolognese 250g","Bebivita","4018852014928","1.35","250g (1 kg = 5,40 €)","Baby & Kind","False","https://img.rewe-static.de/1369176/20095080_digital-image.png"
"Hipp Bio Banane & Pfirsich in Apfel 190g","Hipp","4062300297081","1.45","190g (1 kg = 7,63 €)","Baby & Kind","False","https://img.rewe-static.de/3601005/6762150_digital-image.png"
"Rügenwalder Mühle Vegane Mühlen Nuggets Klassisch 180g","Rügenwalder Mühle","4000405005033","3.29","180g (1 kg = 18,28 €)","Baby & Kind","False","https://img.rewe-static.de/2363473/23598694_digital-image.png"
"REWE Bio Quetschie Apfel-Pfirsich-Mango 90g","REWE Bio","4337256713221","0.59","90g (1 kg = 6,56 €)","Baby & Kind","False","https://img.rewe-static.de/7997796/32853634_digital-image.png"
"Bebivita Bio Schinkennudeln mit Gemüse 220g","Bebivita","4018852030157","1.15","220g (1 kg = 5,23 €)","Baby & Kind","False","https://img.rewe-static.de/8730115/36084924_digital-image.png"
"De Beukelaer Prinzen Rolle Minis Schoko 187,5g","De Beukelaer","4001518116517","1.99","187,50g (1 kg = 10,61 €)","Baby & Kind","False","https://img.rewe-static.de/9049756/42283300_digital-image.png"
"Kölln Balance zarte Flocken glutenfrei 500g","Kölln","4000540000177","2.99","500g (1 kg = 5,98 €)","Baby & Kind","False","https://img.rewe-static.de/7000476/26324726_digital-image.png"
"Frosch Sensitiv-Waschmittel Flüssig Aloe Vera 1,44l 24WL","Frosch","4001499966637","4.79","1,44l (1 l = 3,33 €)","Baby & Kind","False","https://img.rewe-static.de/7588221/43547568_digital-image.png"
"Kölln Bio Schmelzflocken 250g","Kölln","4000540002508","1.79","250g (1 kg = 7,16 €)","Baby & Kind","False","https://img.rewe-static.de/0157929/24669421_digital-image.png"
"REWE Bio Dinkel Flakes 400g","REWE Bio","4337256739689","2.49","400g (1 kg = 6,23 €)","Baby & Kind","False","https://img.rewe-static.de/9026176/42137118_digital-image.png"
"Lenor Sensitiv Waschmittel Flüssig 1l 20WL","Lenor","8700216285179","5.19","1l","Baby & Kind","False","https://img.rewe-static.de/7603786/42760789_digital-image.png"
"Capri-Sun Jungle Drink 10x0,2l","Capri-Sun","4000177026700","3.49","10x0,20l (1 l = 1,75 €)","Baby & Kind","True","https://img.rewe-static.de/8534052/33540527_digital-image.png"
"Lorenz Saltletts Mini Brezel 3x40g","Lorenz","4018077690167","2.19","3x40g (1 kg = 18,25 €)","Baby & Kind","False","https://img.rewe-static.de/8071887/32629281_digital-image.png"
"Knorr Suppenliebe Die Eiskönigin Suppe 500ml","Knorr","8720182421968","0.99","500ml (1 l = 1,98 €)","Baby & Kind","False","https://img.rewe-static.de/8786361/36686184_digital-image.png"
"Doritos Nacho Cheese 110g","Doritos","4062139006038","1.19","110g (1 kg = 10,82 €)","Baby & Kind","True","https://img.rewe-static.de/7794262/35855161_digital-image.png"
"Hohes C Roter Multi 1l","Hohes C","4048517742927","2.49","1l","Baby & Kind","False","https://img.rewe-static.de/7682482/39675008_digital-image.png"
"Maggi Sternchensuppe für 1l","Maggi","7613036053600","0.99","1l","Baby & Kind","False","https://img.rewe-static.de/7154250/27194078_digital-image.png"
"Funny-frisch Erdnuss Flippies 200g","Funny-frisch","4003586107251","2.19","200g (1 kg = 10,95 €)","Baby & Kind","False","https://img.rewe-static.de/8568378/33278368_digital-image.png"
"Lambertz Amerikaner glasiert 220g","Lambertz","4006894202106","1.99","220g (1 kg = 9,05 €)","Baby & Kind","False","https://img.rewe-static.de/8321900/29411991_digital-image.png"
"Hipp Bio-Apfel 125g","Hipp","4062300297036","0.99","125g (1 kg = 7,92 €)","Baby & Kind","False","https://img.rewe-static.de/2133288/10217270_digital-image.png"
"Dr. Oetker Backmischung Konfetti Muffins 360g","Dr. Oetker","4000521034627","2.22","360g (1 kg = 6,17 €)","Baby & Kind","True","https://img.rewe-static.de/7667422/41732805_digital-image.png"
"REWE Bio Apfel-Aprikosenmark 360g","REWE Bio","4337256836678","1.15","360g (1 kg = 3,19 €)","Baby & Kind","False","https://img.rewe-static.de/9098094/43400279_digital-image.png"
"Rauch Yippy Multi 0,33l","Rauch","9008700175920","0.99","0,33l (1 l = 3 €)","Baby & Kind","False","https://img.rewe-static.de/2273013/23025076_digital-image.png"
"Hitschies Saure Drachenzungen Wassereis 5x160ml","hitschies","4003840004036","4.99","800ml (1 l = 6,24 €)","Baby & Kind","False","https://img.rewe-static.de/9182060/43133889_digital-image.png"
"Teekanne Prinzessin Lillifee 55g, 20 Beutel","Teekanne","4009300009894","2.29","55g (1 kg = 41,64 €)","Baby & Kind","False","https://img.rewe-static.de/1298928/21844573_digital-image.png"
"KitKat Mini Mix 197,4g","Kitkat","3800020492956","4.49","197,40g (1 kg = 22,75 €)","Baby & Kind","False","https://img.rewe-static.de/8627726/33540562_digital-image.png"
"BiFi Carazza 3x40g","BiFi","4251097400280","2.89","3x40g (1 kg = 24,08 €)","Baby & Kind","False","https://img.rewe-static.de/7917082/2466650_digital-image.png"
"Trolli Dino Rex vegan 150g","Trolli","4000512463634","1.09","150g (1 kg = 7,27 €)","Baby & Kind","False","https://img.rewe-static.de/7676738/39968351_digital-image.png"
"De Beukelaer Eiswaffeln Vanille 20 Stück 50g","De Beukelaer","4001518110843","1.49","50g (1 kg = 29,80 €)","Baby & Kind","False","https://img.rewe-static.de/2955696/25998427_digital-image.png"
"Penaten Bad + Shampoo 400ml","Penaten","3574661474939","3.99","400ml (1 l = 9,98 €)","Baby & Kind","False","https://img.rewe-static.de/0937927/10207080_digital-image.png"
"Vivess Ballons 20 Stück","Vivess","4250554616998","2.79","20 Stück","Baby & Kind","False","https://img.rewe-static.de/7918085/32691354_digital-image.png"
"Vivess Holzgabel 20 Stück","Vivess","4388860734256","1.69","20 Stück","Baby & Kind","False","https://img.rewe-static.de/8365656/30051091_digital-image.png"
"Vivess Holzmesser 20 Stück","Vivess","4388860733716","1.69","20 Stück","Baby & Kind","False","https://img.rewe-static.de/8363825/30051089_digital-image.png"
"Schär Mehrkornbrötchen glutenfrei 210g","Schär","8008698013175","2.69","210g (1 kg = 12,81 €)","Baby & Kind","False","https://img.rewe-static.de/2315372/24037579_digital-image.png"
"Cookie Bros Churros 240g","Cookie Bros.","4260611590987","3.79","240g (1 kg = 15,79 €)","Baby & Kind","False","https://img.rewe-static.de/7718119/37721841_digital-image.png"
"De Beukelaer Waffelbecher 16 Stück 60g","De Beukelaer","4001518110881","2.49","60g (1 kg = 41,50 €)","Baby & Kind","False","https://img.rewe-static.de/2956383/25677549_digital-image.png"
"Brandt Mini Markenzwieback 100g","Brandt","4013752040541","1.99","100g (1 kg = 19,90 €)","Baby & Kind","False","https://img.rewe-static.de/8753521/35799437_digital-image.png"
"KoRo Bio Nut Butter Cups Salty Pistachio 3x13g","KoRo","4255582805512","2.29","3x13g (1 kg = 58,72 €)","Baby & Kind","False","https://img.rewe-static.de/7677086/41504558_digital-image.png"
"REWE Beste Wahl Streudekor Zauber Mix 120g","REWE Beste Wahl","21533532","1.99","120g (1 kg = 16,58 €)","Baby & Kind","False","https://img.rewe-static.de/8257071/28976525_digital-image.png"
"Ruf Dinolino Kuchen 850g","Ruf","4002809037351","3.49","850g (1 kg = 4,11 €)","Baby & Kind","False","https://img.rewe-static.de/8259528/29812490_digital-image.png"
"REWE Beste Wahl Gallseife 250ml","REWE Beste Wahl","4337256649384","1.49","250ml (1 l = 5,96 €)","Baby & Kind","False","https://img.rewe-static.de/8195225/29770079_digital-image.png"
"Palmolive Flüssigseife Nachfüller Hygiene Plus 500ml","Palmolive","8718951460485","1.99","500ml (1 l = 3,98 €)","Baby & Kind","False","https://img.rewe-static.de/7848378/41022358_digital-image.png"
"Hipp Babysanft Feuchttücher Ultra Sensitiv 5x48 Stück","Hipp","4062300445543","4.99","5x48 Stück","Baby & Kind","False","https://img.rewe-static.de/7663809/41590999_digital-image.png"
"Pampers Baby-Dry Pants Gr.8 19+kg 15 Stück","Pampers","8700216241359","8.49","15 Stück","Baby & Kind","False","https://img.rewe-static.de/8690199/38052942_digital-image.png"
"Dr. Oetker Tassenkuchen Schokino Backmischung 50g","Dr. Oetker","4000521017163","0.99","50g (1 kg = 19,80 €)","Baby & Kind","False","https://img.rewe-static.de/2870203/25990540_digital-image.png"
"REWE Bio Haferflocken kernig 500g","REWE Bio","4337256538596","0.89","500g (1 kg = 1,78 €)","Baby & Kind","False","https://img.rewe-static.de/7732292/37869727_digital-image.png"
"Knorr Suppenliebe Buchstaben Suppe 3 Teller","Knorr","8712566332090","0.99","750ml (1 l = 1,32 €)","Baby & Kind","False","https://img.rewe-static.de/1371718/27822281_digital-image.png"
"Meica Mini Wini Würstchen-Kette 190g","Meica","4000503100500","4.49","190g (1 kg = 23,63 €)","Baby & Kind","False","https://img.rewe-static.de/7447078/1745400_digital-image.png"
"Vilsa Plus Lemon 6x1l","Vilsa","4104450065407","3.9","6x1l (1 l = 0,65 €)","Baby & Kind","False","https://img.rewe-static.de/7994285/32782295_digital-image.png"
"REWE Beste Wahl 4-Käse-Tortelloni 1kg","REWE Beste Wahl","4337256674812","4.99","1000g","Baby & Kind","False","https://img.rewe-static.de/0118021/20677795_digital-image.png"
"Cheestrings Gouda 40 % 4x20g","Cheestrings","5011069173913","2.19","80g (1 kg = 27,38 €)","Baby & Kind","False","https://img.rewe-static.de/7150637/27395568_digital-image.png"
"Kinder Bueno Eis White 4x62g","Kinder","8000500384718","3.59","4x90g (1 l = 9,97 €)","Baby & Kind","False","https://img.rewe-static.de/8699762/35289228_digital-image.png"
"REWE Beste Wahl Nuggets mit Sweet Chili & Süß-Sauer Dip vegan 300g","REWE Beste Wahl","4337256690195","2.29","300g (1 kg = 7,63 €)","Baby & Kind","False","https://img.rewe-static.de/7648597/41568838_digital-image.png"
"Mars Mixed Minis Schokoriegel 400g","Mars","5000159561204","5.29","400g (1 kg = 13,23 €)","Baby & Kind","False","https://img.rewe-static.de/9052758/43186963_digital-image.png"
"Vio Bio Limo Orange 4x1l","Vio","5449000146526","7.16","4x1l (1 l = 1,79 €)","Baby & Kind","False","https://img.rewe-static.de/2455462/24303536_digital-image.png"
"De Beukelaer Eistüten 112g","De Beukelaer","4001518110904","1.79","112g (1 kg = 15,98 €)","Baby & Kind","False","https://img.rewe-static.de/2955682/25639844_digital-image.png"
"McCain Rösti 550g","McCain","8710438118339","2.99","550g (1 kg = 5,44 €)","Baby & Kind","False","https://img.rewe-static.de/8000091/31488015_digital-image.png"
"Seeberger Mikrowellen Popcorn salzig vegan 90g","Seeberger","4008258527054","0.99","90g (1 kg = 11 €)","Baby & Kind","False","https://img.rewe-static.de/7809945/35572179_digital-image.png"
"Seeberger Mikrowellen Popcorn süß vegan 90g","Seeberger","4008258526064","0.99","90g (1 kg = 11 €)","Baby & Kind","False","https://img.rewe-static.de/8735965/35571581_digital-image.png"
"REWE frei von Bio Mais-Quinoa-Ecken glutenfrei 90g","REWE frei von","4337256647045","1.29","90g (1 kg = 14,33 €)","Baby & Kind","False","https://img.rewe-static.de/8345746/30734502_digital-image.png"
"Nestlé Smarties Mini Muffins 4x30g","SMARTIES","7613287523396","3.79","120g (1 kg = 31,58 €)","Baby & Kind","False","https://img.rewe-static.de/7884947/33278221_digital-image.png"
"Iglo Green Cuisine Chicken Nuggets vegan 250g","Iglo","4250241208628","3.29","250g (1 kg = 13,16 €)","Baby & Kind","False","https://img.rewe-static.de/8497080/31892360_digital-image.png"
"Vivess Spritzbeutel mit 8 Tüllen 1 Packung","Vivess","4337256541244","3.99","1 Stück","Baby & Kind","False","https://img.rewe-static.de/8854902/39359480_digital-image.png"
"Penaten Baby Puder 100g","Penaten","3574661727073","2.49","100g (1 kg = 24,90 €)","Baby & Kind","False","https://img.rewe-static.de/8993896/41665884_digital-image.png"
"Bebivita Bio Gemüse und Hühnchen mit Nudeln 250g","Bebivita","4018852030492","1.25","250g (1 kg = 5 €)","Baby & Kind","False","https://img.rewe-static.de/8558909/32838873_digital-image.png"
"Babytime Reinigungstücher Gesicht & Hände 25 Stück","Babytime","21345890","0.99","25 Stück","Baby & Kind","False","https://img.rewe-static.de/8320743/30523992_digital-image.png"
"Today Binden Maxi Super 15 Stück","Today","22035875","0.65","15 Stück","Baby & Kind","False","https://img.rewe-static.de/7671720/39346368_digital-image.png"
"REWE Beste Wahl Laugenbrezeln 770g","REWE Beste Wahl","4337256742658","1.99","770g (1 kg = 2,58 €)","Baby & Kind","False","https://img.rewe-static.de/0444702/22880447_digital-image.png"
"Pampers Harmonie Aqua Feuchttücher 3x48 Stück","Pampers","8006540458525","5.29","3x48 Stück","Baby & Kind","False","https://img.rewe-static.de/7837418/35395415_digital-image.png"
"Bebivita Anfangsmilch Pre 500g","Bebivita","4018852031796","6.45","500g (1 kg = 12,90 €)","Baby & Kind","False","https://img.rewe-static.de/8048931/30843822_digital-image.png"
"REWE Beste Wahl Apfelschorle 6x1l","REWE Beste Wahl","4388844154032","5.94","6x1l (1 l = 0,99 €)","Baby & Kind","False","https://img.rewe-static.de/2181725/23246056_digital-image.png"
"Pfanner Birnendirektsaft 1l","Pfanner","9006900221263","1.99","1l","Baby & Kind","False","https://img.rewe-static.de/7218668/27591913_digital-image.png"
"Capri-Sun Multivitamin 10x0,2l","Capri-Sun","4000177032718","3.49","10x0,20l (1 l = 1,75 €)","Baby & Kind","True","https://img.rewe-static.de/7583738/43161045_digital-image.png"
"Ahoj-Brause Brause-Brocken vegan 10x8g","Ahoj-Brause","40335834","0.79","80g (1 kg = 9,88 €)","Baby & Kind","False","https://img.rewe-static.de/4571959/21332795_digital-image.png"
"Iglo Filegro Backfisch Happen 245g","Iglo","4250241206594","4.49","245g (1 kg = 18,33 €)","Baby & Kind","False","https://img.rewe-static.de/2536389/26280332_digital-image.png"
"Chupa Chups Zungenmaler 120g, 10 Stück","Chupa Chups","8410031990584","1.69","120g (1 kg = 14,08 €)","Baby & Kind","False","https://img.rewe-static.de/7788274/1035810_digital-image.png"
"Bärenmarke Kiddis Kakao 3x0,2l","Bärenmarke","4045317354473","1.99","3x0,20l (1 l = 3,32 €)","Baby & Kind","False","https://img.rewe-static.de/8456172/31704568_digital-image.png"
"REWE Beste Wahl Marinierter Oliven-Mix 150g","REWE Beste Wahl","4337256732925","2.29","150g (1 kg = 15,27 €)","Baby & Kind","False","https://img.rewe-static.de/7635153/41839440_digital-image.png"
"Cherrytomaten Eimer 400g","NA","8430543023891","3.29","400g (1 kg = 8,23 €)","Baby & Kind","False","https://img.rewe-static.de/3029089/31264809_digital-image.png"
"Monti Original Spanische Mini-Magdalenas mit Schokostücken 300g","Monti","4042116810001","2.69","300g (1 kg = 8,97 €)","Baby & Kind","False","https://img.rewe-static.de/5260426/2279730_digital-image.png"
"McCain Smiles 450g","McCain","8710438026283","1.59","450g (1 kg = 3,53 €)","Baby & Kind","True","https://img.rewe-static.de/2803038/2892920_digital-image.png"
"Knoppers Minis 200g","Knoppers","4014400929010","2.49","200g (1 kg = 12,45 €)","Baby & Kind","False","https://img.rewe-static.de/4195833/4784210_digital-image.png"
"Biozentrale Bio Brotaufstrich Tomate sonnengereift 125g","biozentrale","4005009106711","2.49","125g (1 kg = 19,92 €)","Baby & Kind","False","https://img.rewe-static.de/1160049/24220336_digital-image.png"
"Harry Dinkel Sandwich 375g","Harry","4071800047812","1.99","375g (1 kg = 5,31 €)","Baby & Kind","False","https://img.rewe-static.de/8237340/28525952_digital-image.png"
"Kaufmanns Haut- & Kinder-Creme 75ml","Kaufmanns","4011448001104","2.49","75ml (1 l = 33,20 €)","Baby & Kind","False","https://img.rewe-static.de/7831277/2986720_digital-image.png"
"Bebivita Mini-Makkaroni mit buntem Rahmgemüse 250g","Bebivita","4018852014959","1.35","250g (1 kg = 5,40 €)","Baby & Kind","False","https://img.rewe-static.de/1369177/22444457_digital-image.png"
"Bahlsen Comtess Zitrone 350g","Bahlsen","4017100450518","2.99","350g (1 kg = 8,54 €)","Baby & Kind","False","https://img.rewe-static.de/1916347/24413785_digital-image.png"
"REWE Beste Wahl Wassereis Polar Sticks 10x40ml","REWE Beste Wahl","4388860489781","0.99","400ml (1 l = 2,48 €)","Baby & Kind","False","https://img.rewe-static.de/7066219/27917484_digital-image.png"
"Langnese Eis Kids Mix 8 Stück 398ml","Langnese","8711327592469","3.99","398ml (1 l = 10,03 €)","Baby & Kind","False","https://img.rewe-static.de/8970710/43939540_digital-image.png"
"Valensina Multivitamin-Saft Vitamin-Frühstück 1l","Valensina","4009491022047","2.49","1l","Baby & Kind","False","https://img.rewe-static.de/7860742/34416303_digital-image.png"
"Volvic Touch Zitrone-Limette 6x1,5l","Volvic","3057640428388","11.34","6x1,50l (1 l = 1,26 €)","Baby & Kind","False","https://img.rewe-static.de/1966639/27779569_digital-image.png"
"Bahlsen Comtess Marmor 350g","Bahlsen","4017100450211","2.99","350g (1 kg = 8,54 €)","Baby & Kind","False","https://img.rewe-static.de/1916296/24413786_digital-image.png"
"Freche Freunde Bio Quetschie Apfel, Pfirsich & Erdbeere 100g","Freche Freunde","4262367681759","0.95","100g (1 kg = 9,50 €)","Baby & Kind","False","https://img.rewe-static.de/9059275/44116541_digital-image.png"
"Apfel rot 1kg","NA","4021747290727","2.29","1 Stück","Baby & Kind","False","https://img.rewe-static.de/8153365/30105627_digital-image.png"
"Werther's Original Klassische Sahnebonbons 245g","Werther's Original","4014400908930","1.79","245g (1 kg = 7,31 €)","Baby & Kind","False","https://img.rewe-static.de/0047182/1341180_digital-image.png"
"Babytime Windeln Gr.6 XL 13-18kg 32 Stück","Babytime","22068958","5.55","32 Stück","Baby & Kind","False","https://img.rewe-static.de/8323737/30734638_digital-image.png"
"REWE Beste Wahl Lebensmittel Farbpasten in rot, grün, gelb & blau 4x10g","REWE Beste Wahl","4337256293303","2.29","4x10g (1 kg = 57,25 €)","Baby & Kind","False","https://img.rewe-static.de/8023121/30799630_digital-image.png"
"Dr. Oetker Zuckerschrift 4 Farben 100g","Dr. Oetker","4000521006426","2.49","100g (1 kg = 24,90 €)","Baby & Kind","False","https://img.rewe-static.de/1146344/11078840_digital-image.png"
"Chio Tortillas Nacho Cheese 110g","Chio","4001242105917","0.99","110g (1 kg = 9 €)","Baby & Kind","True","https://img.rewe-static.de/7701860/37290383_digital-image.png"
"Hipp Hippis Charlie Zebra Bio Kiwi in Birne-Banane 100g","Hipp","4062300278578","1.05","100g (1 kg = 10,50 €)","Baby & Kind","False","https://img.rewe-static.de/3246504/26439998_digital-image.png"
"REWE Bio Kochschinken 100g","REWE Bio","4337256677738","2.79","100g (1 kg = 27,90 €)","Baby & Kind","False","https://img.rewe-static.de/8969847/41188738_digital-image.png"
"Dr. Oetker Götterspeise Instant Waldmeister 500ml","Dr. Oetker","4000521003173","1.29","100ml (1 kg = 12,90 €)","Baby & Kind","False","https://img.rewe-static.de/0502822/21089960_digital-image.png"
"Dr. Oetker Götterspeise Instant Kirsch 500ml","Dr. Oetker","4000521003159","1.29","100ml (1 kg = 12,90 €)","Baby & Kind","False","https://img.rewe-static.de/0502823/22434802_digital-image.png"
"Elmex Junior Zahnbürste Weich 6-12 Jahre","Elmex","4007965116407","3.39","1 Stück","Baby & Kind","False","https://img.rewe-static.de/7888350/23455395_digital-image.png"
"Kneipp Aroma-Pflegedusche Gute Laune Maracuja + Grapefruit 200ml","Kneipp","4008233114804","2.79","200ml (1 l = 13,95 €)","Baby & Kind","False","https://img.rewe-static.de/1223628/22106656_digital-image.png"
"REWE Bio Salami 70g","REWE Bio","4337256201667","1.75","70g (1 kg = 25 €)","Baby & Kind","False","https://img.rewe-static.de/0206057/2052750_digital-image.png"
"REWE Bio Joghurt mild Heidelbeere 150g","REWE Bio","4337256333160","0.49","150g (1 kg = 3,27 €)","Baby & Kind","True","https://img.rewe-static.de/0784809/5300610_digital-image.png"
"Bebivita Bio Früchtebrei Pfirsich mit Maracuja in Apfel 250g","Bebivita","4018852029083","1.15","250g (1 kg = 4,60 €)","Baby & Kind","False","https://img.rewe-static.de/7971723/33973120_digital-image.png"
"Hipp Bio Pfirsich mit Apfel 250g","Hipp","4062300297104","1.55","250g (1 kg = 6,20 €)","Baby & Kind","False","https://img.rewe-static.de/2714973/2809030_digital-image.png"
"Dr. Oetker Götterspeise Himbeer-Geschmack 26,8g","Dr. Oetker","4000521026721","1.29","2x13,40g (1 kg = 48,13 €)","Baby & Kind","False","https://img.rewe-static.de/8585991/33509027_digital-image.png"
"Danone Fruchtzwerge weniger süß 6x50g","Fruchtzwerge","4009700035684","2.39","6x50g (1 kg = 7,97 €)","Baby & Kind","False","https://img.rewe-static.de/5583578/35348066_digital-image.png"
"Biozentrale Bio Amaranth Poffies 125g","biozentrale","4005009103239","2.49","125g (1 kg = 19,92 €)","Baby & Kind","False","https://img.rewe-static.de/1177976/23477175_digital-image.png"
"REWE Bio Geflügel Wiener 200g","REWE Bio","4337256336574","3.99","200g (1 kg = 19,95 €)","Baby & Kind","False","https://img.rewe-static.de/7829813/36469743_digital-image.png"
"Funny-frisch Chipsfrisch ungarisch 215g","Funny-frisch","4003586101358","2.79","215g (1 kg = 12,98 €)","Baby & Kind","False","https://img.rewe-static.de/9983182/44542303_digital-image.png"
"REWE Bio Fusilli Vollkorn Dinkel 500g","REWE Bio","4337256567251","1.55","500g (1 kg = 3,10 €)","Baby & Kind","False","https://img.rewe-static.de/7050770/27995520_digital-image.png"
"REWE Bio Joghurt mild Bircher Müsli 150g","REWE Bio","4337256378406","0.49","150g (1 kg = 3,27 €)","Baby & Kind","True","https://img.rewe-static.de/0784611/5300380_digital-image.png"
"Hipp Bio Äpfel mit Bananen 190g","Hipp","4062300379381","1.45","190g (1 kg = 7,63 €)","Baby & Kind","False","https://img.rewe-static.de/0245453/2836420_digital-image.png"
"Super Dickmann's 250g, 9 Stück","Dickmann's","4035800407007","2.29","250g (1 kg = 9,16 €)","Baby & Kind","False","https://img.rewe-static.de/4205960/1363350_digital-image.png"
"Corny Haferkraft Cranberry Kürbiskern 4x35g","CORNY","4011800523312","1.79","4x35g (1 kg = 12,79 €)","Baby & Kind","False","https://img.rewe-static.de/7036664/26683120_digital-image.png"
"Corny Nussvoll Erdnuss & Vollmilch 96g","CORNY","4011800549213","1.79","96g (1 kg = 18,65 €)","Baby & Kind","False","https://img.rewe-static.de/7598898/42760839_digital-image.png"
"Aoste Stickado Salami Sticks Classique 70g","Aoste","3449851328005","2.49","70g (1 kg = 35,57 €)","Baby & Kind","False","https://img.rewe-static.de/3337367/16656570_digital-image.png"
"Dr. Oetker Paula Pudding Schokolade mit Vanille-Flecken 4x125g","Dr. Oetker","4023600015515","1.99","4x125g (1 kg = 3,98 €)","Baby & Kind","False","https://img.rewe-static.de/5016487/20515102_digital-image.png"
"Nestlé Pirulo Frutti 5x70ml","Nestlé","4008211000877","3.99","350ml (1 l = 11,40 €)","Baby & Kind","False","https://img.rewe-static.de/8024447/30606093_digital-image.png"
"Mini Dickmann's Schoko Trio 200g, 24 Stück","Dickmann's","4035800410724","2.19","200g (1 kg = 10,95 €)","Baby & Kind","False","https://img.rewe-static.de/5469872/1363360_digital-image.png"
"Mutti Bio passierte Tomaten 560g","MUTTI","8005110171710","2.59","560g (1 kg = 4,63 €)","Baby & Kind","False","https://img.rewe-static.de/8334091/32386733_digital-image.png"
"Manner Neapolitaner 400g","Manner","9000331607917","3.79","400g (1 kg = 9,48 €)","Baby & Kind","False","https://img.rewe-static.de/4021720/722700_digital-image.png"
"Nippon 200g","Nippon","4021700900021","2.19","200g (1 kg = 10,95 €)","Baby & Kind","False","https://img.rewe-static.de/6645143/2635860_digital-image.png"
"Oreo Cookies Original 154g","Oreo","7622300336738","1.79","154g (1 kg = 11,62 €)","Baby & Kind","False","https://img.rewe-static.de/1123693/48550996_digital-image.png"
"Elmex Kinder-Zahnpasta Junior 6-12 Jahre","Elmex","4007965146008","3.99","75ml (1 l = 53,20 €)","Baby & Kind","False","https://img.rewe-static.de/0108578/2423480_digital-image.png"
"True Fruits Smoothie orange 250ml","True Fruits","4260122391288","2.79","250ml (1 l = 11,16 €)","Baby & Kind","False","https://img.rewe-static.de/7293022/28079751_digital-image.png"
"Dr. Oetker Bistro Baguette Salami 250g","Dr. Oetker","4001724037996","2.29","250g (1 kg = 9,16 €)","Baby & Kind","False","https://img.rewe-static.de/7828265/35037686_digital-image.png"
"REWE Bio Traubensaft Direktsaft 1l","REWE Bio","4337256486798","2.29","1l","Baby & Kind","False","https://img.rewe-static.de/0877993/6057640_digital-image.png"
"REWE Beste Wahl Dino Nuggets vegan 250g","REWE Beste Wahl","4337256675000","2.19","250g (1 kg = 8,76 €)","Baby & Kind","False","https://img.rewe-static.de/8969656/40979398_digital-image.png"
"Iglo Buttergemüse 450g","Iglo","4250241209229","3.29","450g (1 kg = 7,31 €)","Baby & Kind","False","https://img.rewe-static.de/7757170/36085466_digital-image.png"
"Duplo 18 Stück","Ferrero","4008400302829","4.89","18x18,20g (1 kg = 14,93 €)","Baby & Kind","False","https://img.rewe-static.de/5809495/945680_digital-image.png"
"BiFi Original Salami 6x20g","BiFi","4251097411491","2.99","6x20g (1 kg = 24,92 €)","Baby & Kind","False","https://img.rewe-static.de/8899467/38898732_digital-image.png"
"Original Wagner Piccolinis Thunfisch 270g","Original Wagner","4009233014910","3.49","270g (1 kg = 12,93 €)","Baby & Kind","False","https://img.rewe-static.de/2869870/20371716_digital-image.png"
"Babytime Feuchttücher sensitiv 30 Stück","Babytime","21340437","0.75","NA","Baby & Kind","False","https://img.rewe-static.de/8319259/29932866_digital-image.png"
"Funny-frisch Ofen Chips Paprika 125g","Funny-frisch","4003586102072","1.99","125g (1 kg = 15,92 €)","Baby & Kind","False","https://img.rewe-static.de/7778468/36482196_digital-image.png"
"Haribo Fruchtgummi Süße Mäuse 175g","Haribo","4001686329757","0.79","175g (1 kg = 4,51 €)","Baby & Kind","True","https://img.rewe-static.de/7769914/36839504_digital-image.png"
"REWE Bio Apfel-Mangomark 360g","REWE Bio","4337256321280","1.15","360g (1 kg = 3,19 €)","Baby & Kind","False","https://img.rewe-static.de/0208863/2460150_digital-image.png"
"REWE Bio Original Nürnberger Rostbratwürstchen 160g","REWE Bio","4337256207881","3.49","160g (1 kg = 21,81 €)","Baby & Kind","False","https://img.rewe-static.de/0333139/26083268_digital-image.png"
"REWE Bio + vegan Bio Backmischung Zimtschnecken 497g","REWE Bio","4337256696814","2.99","497g (1 kg = 6,02 €)","Baby & Kind","False","https://img.rewe-static.de/8987471/41696593_digital-image.png"
"BiFi Salami Roll 3x45g","BiFi","4251097409818","2.99","3x45g (1 kg = 22,15 €)","Baby & Kind","False","https://img.rewe-static.de/8404280/30415990_digital-image.png"
"REWE Bio Apfelsaft naturtrüb 1l","REWE Bio","4388860457612","1.79","1l","Baby & Kind","False","https://img.rewe-static.de/8387482/31327502_digital-image.png"
"Iglo Green Cuisine Blubb Sticks 340g","Iglo","4250241209502","3.29","340g (1 kg = 9,68 €)","Baby & Kind","False","https://img.rewe-static.de/8938531/40313360_digital-image.png"
"REWE Bio Erbsen 230g","REWE Bio","4337256274463","1.49","230g (1 kg = 6,48 €)","Baby & Kind","False","https://img.rewe-static.de/7891436/34747527_digital-image.png"
"REWE Bio Honig-Dinkel gepufft 200g","REWE Bio","4337256379519","1.79","200g (1 kg = 8,95 €)","Baby & Kind","False","https://img.rewe-static.de/7272521/28937164_digital-image.png"
"Harry Dinkel Toastbrötchen 4 Stück","Harry","4071800048611","1.69","225g (1 kg = 7,51 €)","Baby & Kind","False","https://img.rewe-static.de/8297631/29212728_digital-image.png"
"Haribo Fruchtgummi Goldbären Minis 250g","Haribo","4001686301524","2.49","250g (1 kg = 9,96 €)","Baby & Kind","False","https://img.rewe-static.de/4987055/2835630_digital-image.png"
"REWE Bio Penne Vollkorn 500g","REWE Bio","4337256561563","0.85","500g (1 kg = 1,70 €)","Baby & Kind","False","https://img.rewe-static.de/7713655/39346292_digital-image.png"
"Rauch Yippy Erdbeere 0,33l","Rauch","9008700192415","0.99","0,33l (1 l = 3 €)","Baby & Kind","False","https://img.rewe-static.de/7196282/29746576_digital-image.png"
"Nimm2 Soft Fruchtkaubonbons vegan 345g","Nimm2","4014400917789","1.99","345g (1 kg = 5,77 €)","Baby & Kind","False","https://img.rewe-static.de/1485034/20729006_digital-image.png"
"Frigeo Knusper-Puffreis 80g","Frigeo","4033500101577","0.79","80g (1 kg = 9,88 €)","Baby & Kind","False","https://img.rewe-static.de/5086221/2840440_digital-image.png"
"REWE frei von Frischkäse laktosefrei 175g","REWE frei von","4337256509374","1.29","175g (1 kg = 7,37 €)","Baby & Kind","False","https://img.rewe-static.de/1299089/17096140_digital-image.png"
"Weihenstephan Frischer Kakao 1l","Weihenstephan","4008452033115","1.99","1l","Baby & Kind","False","https://img.rewe-static.de/1971015/43407335_digital-image.png"
"M&M'S Minis Chocolate 225g","M&M's","5900951314865","3.99","225g (1 kg = 17,73 €)","Baby & Kind","False","https://img.rewe-static.de/9045434/42863668_digital-image.png"
"MAOAM Kaubonbon Mao Mixx 250g","MAOAM","4001686580332","2.79","250g (1 kg = 11,16 €)","Baby & Kind","False","https://img.rewe-static.de/1452401/9179170_digital-image.png"
"REWE Bio Pesto Rosso 130g","REWE Bio","4337256480901","2.49","130g (1 kg = 19,15 €)","Baby & Kind","False","https://img.rewe-static.de/8488972/33563242_digital-image.png"
"Lorenz Snack-Hits 280g","Lorenz","4018077010316","3.29","280g (1 kg = 11,75 €)","Baby & Kind","False","https://img.rewe-static.de/9071974/43767605_digital-image.png"
"Elmex Kinder-Zahnpasta 2-6 Jahre 50ml","Elmex","8718951271234","3.49","50ml (1 l = 69,80 €)","Baby & Kind","False","https://img.rewe-static.de/1309939/21529353_digital-image.png"
"Weihenstephan Frischer Kakao 0,5l","Weihenstephan","4008452033511","1.09","500ml (1 l = 2,18 €)","Baby & Kind","False","https://img.rewe-static.de/2156200/22394329_digital-image.png"
"Corny Haferkraft Kakao 4x35g","CORNY","4011800523916","1.79","4x35g (1 kg = 12,79 €)","Baby & Kind","False","https://img.rewe-static.de/7036732/26683131_digital-image.png"
"REWE Beste Wahl Himbeer-Getränkesirup 0,5l","REWE Beste Wahl","4337256092135","1.79","0,50l (1 l = 3,58 €)","Baby & Kind","False","https://img.rewe-static.de/0708264/22277790_digital-image.png"
"Fanta Orange 4x1,5l","Fanta","5000112547856","4.76","4x1,50l (1 l = 0,79 €)","Baby & Kind","True","https://img.rewe-static.de/6730981/1905410_digital-image.png"
"Funny-frisch Chipsfrisch ungarisch 4x40g","Funny-frisch","4003586100252","2.59","4x40g (1 kg = 16,19 €)","Baby & Kind","False","https://img.rewe-static.de/9981290/44836567_digital-image.png"
"REWE Bio Naturland weißes Mandelmus vegan 250g","REWE Bio","4337256675598","6.99","250g (1 kg = 27,96 €)","Baby & Kind","False","https://img.rewe-static.de/7660983/41339918_digital-image.png"
"Vivess Muffinförmchen 40 Stück 45x160x100mm","Vivess","4388860647839","0.99","40 Stück","Baby & Kind","False","https://img.rewe-static.de/8302842/29689462_digital-image.png"
"Funny-frisch Pom-Bär Original 75g","Funny-frisch","4000522105210","1.79","75g (1 kg = 23,87 €)","Baby & Kind","False","https://img.rewe-static.de/8904051/39416847_digital-image.png"
"Knack & Back Croissants vegan 240g","Knack&Back","3392590205543","2.49","240g (1 kg = 10,38 €)","Baby & Kind","False","https://img.rewe-static.de/8977214/40416378_digital-image.png"
"Nuk Magic Cup mit Trinkrand und Deckel 230ml","Nuk","4008600307914","9.99","NA","Baby & Kind","False","https://img.rewe-static.de/8260747/29126866_digital-image.png"
"REWE Bio Quetschie Apfel-Erdbeer-Heidelbeere 90g","REWE Bio","4337256732840","0.59","90g","Baby & Kind","False","https://img.rewe-static.de/9011138/42309276_digital-image.png"
"Thomy Ketchup 35% weniger Zucker 500ml","Thomy","42402770","1.99","500ml (1 l = 3,98 €)","Baby & Kind","False","https://img.rewe-static.de/7939975/32344231_digital-image.png"
"nimm2 Lolly 120g, 12 Stück","Nimm2","4014400930054","1.29","120g (1 kg = 10,75 €)","Baby & Kind","False","https://img.rewe-static.de/8437087/31077191_digital-image.png"
"Original Schwedische Köttbullar 500g, fertig gebraten, ca. 35 Fleischbällchen","Dafgårds","7310960600749","4.99","500g (1 kg = 9,98 €)","Baby & Kind","False","https://img.rewe-static.de/0102669/946790_digital-image.png"
"Sprite 4x1,5l","Sprite","5000112547832","4.76","4x1,50l (1 l = 0,79 €)","Baby & Kind","True","https://img.rewe-static.de/6730914/22543596_digital-image.png"
"Bebivita Folgemilch 2 500g","Bebivita","4018852021063","6.25","500g (1 kg = 12,50 €)","Baby & Kind","False","https://img.rewe-static.de/8354233/31331716_digital-image.png"
"Birkel Buchstaben-Nudeln 250g","Birkel","4002676210604","1.49","250g (1 kg = 5,96 €)","Baby & Kind","False","https://img.rewe-static.de/4758609/23255146_digital-image.png"
"REWE Bio Quetschie Apfel-Banane-Kirsche 90g","REWE Bio","4337256732284","0.59","90g","Baby & Kind","False","https://img.rewe-static.de/9011827/42309167_digital-image.png"
"Leicht&Cross Knusperbrot Vollkorn 125g","Leicht & Cross","4001518104064","1.39","125g (1 kg = 11,12 €)","Baby & Kind","False","https://img.rewe-static.de/0826936/13209560_digital-image.png"
"Hipp Bio Püree Erdbeere Himbeere in Apfel 160g","Hipp","4062300441576","1.55","160g (1 kg = 9,69 €)","Baby & Kind","False","https://img.rewe-static.de/7692479/39281627_digital-image.png"
"Erdbär Freche Freunde Bio Apfel, Mango & Pfirsich 100g","Freche Freunde","4260249140035","0.95","100g (1 kg = 9,50 €)","Baby & Kind","False","https://img.rewe-static.de/2388331/25449384_digital-image.png"
"Nestlé Smarties & Vanillejoghurt 120g","SMARTIES","4025500127596","0.99","120g (1 kg = 8,25 €)","Baby & Kind","False","https://img.rewe-static.de/0128012/7397950_digital-image.png"
"Kaba Erdbeer-Geschmack 400g","Kaba","4052700022918","2.79","400g (1 kg = 6,98 €)","Baby & Kind","False","https://img.rewe-static.de/8436465/31111747_digital-image.png"
"Rauch Happy Day Erdbeere 1l","Happy Day","9008700120258","2.69","1l","Baby & Kind","False","https://img.rewe-static.de/5386160/988920_digital-image.png"
"Dr. Oetker Vitalis Knusper Pur Weniger süß 600g","Dr. Oetker","4000521662103","3.99","600g (1 kg = 6,65 €)","Baby & Kind","False","https://img.rewe-static.de/0134292/33746507_digital-image.png"
"Pampers Baby-Dry Pants Gr.7 17+kg 18 Stück","Pampers","8700216241373","8.49","18 Stück","Baby & Kind","False","https://img.rewe-static.de/7838798/40429397_digital-image.png"
"Hipp Bio Zauberriegel Traube-Banane 30g","Hipp","4062300362284","0.79","30g (1 kg = 26,33 €)","Baby & Kind","False","https://img.rewe-static.de/8087796/33972992_digital-image.png"
"Original Sahne Muh-Muhs Sahne Toffees 215g","Original Muh-Muhs","4004363620130","2.19","215g (1 kg = 10,19 €)","Baby & Kind","False","https://img.rewe-static.de/7810003/35369127_digital-image.png"
"Hipp Früchte Freund Zebra Bio Himbeer in Banane-Apfel 23g","Hipp","4062300446069","0.65","23g (1 kg = 28,26 €)","Baby & Kind","False","https://img.rewe-static.de/3248055/26389014_digital-image.png"
"Ferdi Fuchs Mini Würstchen 5x20g","Ferdi Fuchs","4006639070397","1.59","5x20g (1 kg = 15,90 €)","Baby & Kind","False","https://img.rewe-static.de/8693099/9163430_digital-image.png"
"Reinert Bärchen-Streich 125g","Reinert","4006229434714","2.39","125g (1 kg = 19,12 €)","Baby & Kind","False","https://img.rewe-static.de/5755573/31297395_digital-image.png"
"Almette Natur 150g","Almette","4002468084000","1.99","150g (1 kg = 13,27 €)","Baby & Kind","False","https://img.rewe-static.de/4528174/3334490_digital-image.png"
"Spee Vollwaschmittel flüssig Sensitive 990ml, 22WL","Spee","4015200031750","4.49","990ml (1 l = 4,54 €)","Baby & Kind","False","https://img.rewe-static.de/8995430/39281697_digital-image.png"
"Bebivita Anfangsmilch 1 500g","Bebivita","4062300437159","5.95","500g (1 kg = 11,90 €)","Baby & Kind","False","https://img.rewe-static.de/8049032/30843692_digital-image.png"
"Maggi Guten Appetit Gespenster Suppe 73g","Maggi","7613039470343","0.99","750ml (1 l = 1,32 €)","Baby & Kind","False","https://img.rewe-static.de/7995661/31375897_digital-image.png"
"Wasa Knäckebrot Vollkorn Roggen 260g","Wasa","7300400114714","2.39","260g (1 kg = 9,19 €)","Baby & Kind","False","https://img.rewe-static.de/1994794/6072800_digital-image.png"
"Hipp Bio Kürbis mit Kartoffeln 190g","Hipp","4062300129443","1.25","190g (1 kg = 6,58 €)","Baby & Kind","False","https://img.rewe-static.de/0590524/10215500_digital-image.png"
"Pahmeyer Reibekuchen Minis 300g","Pahmeyer","4260177783182","2.29","300g (1 kg = 7,63 €)","Baby & Kind","False","https://img.rewe-static.de/2655602/27002775_digital-image.png"
"Red Band Fruchtgummi-Schnuller 500g","Red Band","8713800102837","2.79","500g (1 kg = 5,58 €)","Baby & Kind","False","https://img.rewe-static.de/6077994/5367740_digital-image.png"
"Bebivita Beiss Mich! Apfel-Banane Bio 25g","Bebivita","4018852029175","0.55","25g (1 kg = 22 €)","Baby & Kind","False","https://img.rewe-static.de/8230199/30807053_digital-image.png"
"Mondamin Grießbrei Klassische Art 89g","Mondamin","4046800110750","1.49","89g (1 kg = 16,74 €)","Baby & Kind","False","https://img.rewe-static.de/3703690/4774030_digital-image.png"
"Signal Zahnpasta Junior Milde Minze 75ml","Signal","8720181501760","2.29","75ml (1 l = 30,53 €)","Baby & Kind","False","https://img.rewe-static.de/9110795/45228585_digital-image.png"
"More Protein Bar White Chocolate Peanut Caramel 50g","NA","4260644048783","2.69","50g (1 kg = 53,80 €)","Baby & Kind","False","https://img.rewe-static.de/9049038/44007187_digital-image.png"
"Rauch Yippi Apfel 0.33l","Rauch","9008700204170","0.99","0,33l (1 l = 3 €)","Baby & Kind","False","https://img.rewe-static.de/8379967/31502238_digital-image.png"
"REWE Bio Pommes Frites 750g","REWE Bio","4337256383615","2.69","750g (1 kg = 3,59 €)","Baby & Kind","False","https://img.rewe-static.de/0198686/5918410_digital-image.png"
"REWE Bio Dinkel Frischeiwaffel 165g","REWE Bio","4337256305617","1.35","165g (1 kg = 8,18 €)","Baby & Kind","False","https://img.rewe-static.de/7249413/28272058_digital-image.png"
"Leibniz Pick up! Minis Choco 127g","Pick Up!","4017100406218","2.49","127g (1 kg = 19,61 €)","Baby & Kind","False","https://img.rewe-static.de/8232915/28762143_digital-image.png"
"Bübchen Shampoo & Duschgel Sportsfreund 230ml","Bübchen","4065331001207","1.79","230ml (1 l = 7,78 €)","Baby & Kind","False","https://img.rewe-static.de/8668498/34468936_digital-image.png"
"Hanuta Minis 200g","Hanuta","4008400351926","2.79","200g (1 kg = 13,95 €)","Baby & Kind","False","https://img.rewe-static.de/0044450/3319840_digital-image.png"
"Persil Vollwaschmittel Universal Pulver 4,5kg 75WL","Persil","4015200034010","18.99","4,50kg (1 kg = 4,22 €)","Baby & Kind","False","https://img.rewe-static.de/9038611/42222135_digital-image.png"
"Bebivita Bio Apfel Erdbeere Himbeere 250g","Bebivita","4018852028949","1.15","250g (1 kg = 4,60 €)","Baby & Kind","False","https://img.rewe-static.de/8476135/31712231_digital-image.png"
"More Soft Bar Caramel Crunch 50g","NA","4260644048820","2.69","50g (1 kg = 53,80 €)","Baby & Kind","False","https://img.rewe-static.de/7608076/44007285_digital-image.png"
"More Soft Bar Peanut Caramel 50g","NA","4260644048806","2.69","50g (1 kg = 53,80 €)","Baby & Kind","False","https://img.rewe-static.de/7606675/44007179_digital-image.png"
"REWE Bio Erbsen & Möhren 220g","REWE Bio","4337256481793","1.29","220g (1 kg = 5,86 €)","Baby & Kind","False","https://img.rewe-static.de/7887089/34912245_digital-image.png"
"Bebivita Kinder-Spaß Vollkorn in Apfel-Banane 4x90g","Bebivita","4018852017240","2.65","4x90g (1 kg = 7,36 €)","Baby & Kind","False","https://img.rewe-static.de/1916634/21271634_digital-image.png"
"REWE Bio Linsenwaffeln mit Meersalz 90g","REWE Bio","4337256669160","1.39","90g (1 kg = 15,44 €)","Baby & Kind","False","https://img.rewe-static.de/8962009/40979421_digital-image.png"
"Kölln Müsli Früchte ohne Zuckerzusatz 500g","Kölln","4000540001341","3.79","500g (1 kg = 7,58 €)","Baby & Kind","False","https://img.rewe-static.de/1436293/22422169_digital-image.png"
"Rauch Yippy Cherry 0,33l","Rauch","9008700176248","0.99","0,33l (1 l = 3 €)","Baby & Kind","False","https://img.rewe-static.de/2273060/23108283_digital-image.png"
"Tuc Bake Rolls Knoblauch 150g","Tuc","5201360660223","1.99","150g (1 kg = 13,27 €)","Baby & Kind","False","https://img.rewe-static.de/8880203/37962576_digital-image.png"
"Volvic Essence Bio Apfel-Zitrone 6x0,75l","Volvic","3057640503368","8.34","6x0,75l (1 l = 1,85 €)","Baby & Kind","False","https://img.rewe-static.de/7210593/28373036_digital-image.png"
"Lego City Polizeiauto 60312 ab 5 Jahren","Lego","5702017161884","9.99","1 Stück","Baby & Kind","False","https://img.rewe-static.de/8704013/36642919_digital-image.png"
"Hipp Bio Früh-Karotten mit Kartoffeln 190g","Hipp","4062300021112","1.25","190g (1 kg = 6,58 €)","Baby & Kind","False","https://img.rewe-static.de/7917244/7446750_digital-image.png"
"Haribo Fruchtgummi Starmix Mini 250g","Haribo","4001686726013","2.49","250g (1 kg = 9,96 €)","Baby & Kind","False","https://img.rewe-static.de/0833339/3439770_digital-image.png"
"REWE Bio Mini Reiswaffeln Apfel vegan 35g","REWE Bio","4337256445979","0.79","35g (1 kg = 22,57 €)","Baby & Kind","False","https://img.rewe-static.de/7789796/36693818_digital-image.png"
"REWE Beste Wahl Danish Buttercookies & Chocolate Chip Cookies 500g","REWE Beste Wahl","4337256610223","3.99","500g (1 kg = 7,98 €)","Baby & Kind","False","https://img.rewe-static.de/2546931/24893055_digital-image.png"
"REWE Bio Zuckermais vakuumiert 400g","REWE","28089643","2.49","400g (1 kg = 6,23 €)","Baby & Kind","False","https://img.rewe-static.de/8114415/39511211_digital-image.png"
"yfood Trinkmahlzeit Smooth Vanilla 500ml","yfood","4260556635439","2.99","500ml (1 l = 5,98 €)","Baby & Kind","True","https://img.rewe-static.de/9019522/42207229_digital-image.png"
"Nestlé Pirulo Eis Kaktus 9x45ml","Nestlé","7613035493780","3.99","9x45ml (1 l = 9,85 €)","Baby & Kind","False","https://img.rewe-static.de/2713121/24901113_digital-image.png"
"REWE Beste Wahl Roggenbrötchen 560g - 8 Stück","REWE Beste Wahl","4337256742054","1.59","560g (1 kg = 2,84 €)","Baby & Kind","False","https://img.rewe-static.de/7194361/27988119_digital-image.png"
"Lenor Weichspüler Sensitiv 950ml 38WL","Lenor","8700216283465","2.29","950ml (1 l = 2,41 €)","Baby & Kind","False","https://img.rewe-static.de/9049605/42381261_digital-image.png"
"Vivess Pappteller rund eco friendly 23cm 20 Stück","Vivess","4337256100922","1.69","20 Stück","Baby & Kind","False","https://img.rewe-static.de/7972933/32691138_digital-image.png"
"Babytime Feuchttücher classic 2x80 Stück","Babytime","21345401","1.95","160 Stück","Baby & Kind","False","https://img.rewe-static.de/8069863/29927989_digital-image.png"
"REWE Beste Wahl Dinkel Brötchen 340g","REWE Beste Wahl","4337256726948","1.99","340g (1 kg = 5,85 €)","Baby & Kind","False","https://img.rewe-static.de/8112128/29007198_digital-image.png"
"Dr. Oetker Vitalis Weniger süß Knusper-Himbeere 425g","Dr. Oetker","4000521010423","3.99","425g (1 kg = 9,39 €)","Baby & Kind","False","https://img.rewe-static.de/1391892/23174412_digital-image.png"
"Funny-frisch Pom-Bär Ketchup Style 75g","Funny-frisch","4000522105227","1.79","75g (1 kg = 23,87 €)","Baby & Kind","False","https://img.rewe-static.de/7700363/39641275_digital-image.png"
"Coppenrath & Wiese 7 Roggen-Brötchen 490g","Conditorei Coppenrath & Wiese","4008577006278","3.29","490g (1 kg = 6,71 €)","Baby & Kind","False","https://img.rewe-static.de/8466794/31488119_digital-image.png"
"Zott Cheese Tiger Original Käse-Snack 4x21g","Zott","4014500509747","2.49","84g (1 kg = 29,64 €)","Baby & Kind","False","https://img.rewe-static.de/2311924/23573450_digital-image.png"
"Granini Apfel-Kirsche 1l","Granini","4048517741807","2.29","1l","Baby & Kind","False","https://img.rewe-static.de/7680989/40116715_digital-image.png"
"Luftschlangen 3 Stück","NA","194099013710","1.49","3 Stück","Baby & Kind","False","https://img.rewe-static.de/8400803/32008029_digital-image.png"
"Harry Dinkelkrüstchen 480g 6 Stück","Harry","4071800057637","2.69","480g (1 kg = 5,60 €)","Baby & Kind","False","https://img.rewe-static.de/8905254/38716268_digital-image.png"
"Herta Finesse Schinken im Ofen gegrillt 100g","Herta","4000582185498","2.49","100g (1 kg = 24,90 €)","Baby & Kind","False","https://img.rewe-static.de/2327548/23569216_digital-image.png"
"REWE Beste Wahl Chicken Bites Kentucky Style 260g","REWE Beste Wahl","4337256281836","2.89","260g (1 kg = 11,12 €)","Baby & Kind","False","https://img.rewe-static.de/7884541/34995128_digital-image.png"
"Vivess Motivpappbecher 0,2l 10 Stück","Vivess","4388860398564","1.79","10 Stück","Baby & Kind","False","https://img.rewe-static.de/8335852/34077079_digital-image.png"
"Danone Fruchtzwerge Erdbeere, Kirsche, Himbeere 6x50g","Fruchtzwerge","4009700035707","2.39","6x50g (1 kg = 7,97 €)","Baby & Kind","False","https://img.rewe-static.de/4834798/35348064_digital-image.png"
"Tante Fanny Frischer Flammkuchenteig XXL 350g","Tante Fanny","9120003416217","2.29","350g (1 kg = 6,54 €)","Baby & Kind","False","https://img.rewe-static.de/8573475/33053343_digital-image.png"
"Biozentrale BioKids Bio Tomatensauce 350g","biozentrale","4005009106742","2.99","350g (1 kg = 8,54 €)","Baby & Kind","False","https://img.rewe-static.de/1099999/23484213_digital-image.png"
"REWE Beste Wahl Früchte Punsch 1l","REWE Beste Wahl","4337256255509","1.59","1l","Baby & Kind","False","https://img.rewe-static.de/8071708/29817616_digital-image.png"
"REWE Beste Wahl Mini Frikadellen vegan 200g","REWE Beste Wahl","4337256533300","1.99","200g (1 kg = 9,95 €)","Baby & Kind","False","https://img.rewe-static.de/8854037/37921271_digital-image.png"
"yfood Trinkmahlzeit Cold Brew Coffee 500ml","yfood","4260556635491","2.99","500ml (1 l = 5,98 €)","Baby & Kind","True","https://img.rewe-static.de/7625427/42080915_digital-image.png"
"Kiri Natur 150g","Kiri","3073781160741","2.79","150g (1 kg = 18,60 €)","Baby & Kind","False","https://img.rewe-static.de/8597932/33063078_digital-image.png"
"Ruf Unser Regenbogenkuchen 840g","Ruf","4002809034398","3.29","840g (1 kg = 3,92 €)","Baby & Kind","False","https://img.rewe-static.de/2230606/23298676_digital-image.png"
"yfood Trinkmahlzeit Fresh Berry 500ml","yfood","4260556635521","2.99","500ml (1 l = 5,98 €)","Baby & Kind","True","https://img.rewe-static.de/7625579/42207091_digital-image.png"
"REWE Bio Naturland Knusperknäcke Käse & Kürbiskern 200g","REWE Bio","4337256662413","2.29","200g (1 kg = 11,45 €)","Baby & Kind","False","https://img.rewe-static.de/8966039/41497354_digital-image.png"
"Milka Choco Brownie 6x25g","Milka","7622210635396","2.49","150g (1 kg = 16,60 €)","Baby & Kind","False","https://img.rewe-static.de/3042168/26422790_digital-image.png"
"Biozentrale Bio Maiswaffeln 120g","biozentrale","4005009101839","1.69","120g (1 kg = 14,08 €)","Baby & Kind","False","https://img.rewe-static.de/1051596/23476315_digital-image.png"
"Bebivita Kinder-Spaß Erdbeere in Apfel-Birne 4x90g","Bebivita","4018852028505","2.65","4x90g (1 kg = 7,36 €)","Baby & Kind","False","https://img.rewe-static.de/2383297/24847723_digital-image.png"
"Seeberger Popcorn-Mais 500g","Seeberger","4008258528020","1.99","500g (1 kg = 3,98 €)","Baby & Kind","False","https://img.rewe-static.de/4774167/3706620_digital-image.png"
"Frisia Ufonauten 78g","NA","5411011400003","1.99","78g (1 kg = 25,51 €)","Baby & Kind","False","https://img.rewe-static.de/8493461/31813108_digital-image.png"
"Frosch Weichspüler Sensitiv Mandelmilch 1l, 40WL","Frosch","4001499957536","1.99","1000ml","Baby & Kind","False","https://img.rewe-static.de/8552367/32803279_digital-image.png"
"Babytime Feuchttücher 99% Wasser 2x80 Stück","Babytime","21342912","3.7","2x80 Stück","Baby & Kind","False","https://img.rewe-static.de/8363886/30324835_digital-image.png"
"Nestlé Pirulo Fruit Joy 325ml","Nestlé","8436575299952","3.99","325ml (1 l = 12,28 €)","Baby & Kind","False","https://img.rewe-static.de/9043461/42337399_digital-image.png"
"REWE Bio Vollkornbaguette 300g","REWE Bio","4337256670791","1.89","300g (1 kg = 6,30 €)","Baby & Kind","True","https://img.rewe-static.de/8962703/41226394_digital-image.png"
"HiPP Bio Knabber-Sternchen mit Apfel, Orange und Johannisbeere 30g, 1-3 Jahre","Hipp","4062300399518","1.15","30g (1 kg = 38,33 €)","Baby & Kind","False","https://img.rewe-static.de/8088978/29456924_digital-image.png"
"Erdbär Freche Freunde Apfel, Bio Birne, Karotte & Kürbis 100g","Freche Freunde","4260249140028","0.95","100g (1 kg = 9,50 €)","Baby & Kind","False","https://img.rewe-static.de/2388345/25220824_digital-image.png"
"Erdbär Freche Freunde Bio Apfel, Banane, Spinat 100g","Freche Freunde","4260249142343","0.95","100g (1 kg = 9,50 €)","Baby & Kind","False","https://img.rewe-static.de/3135792/26065658_digital-image.png"
"Hipp Paella mit Bio-Hühnchen & Gemüse 250g","Hipp","4062300377455","2.15","250g (1 kg = 8,60 €)","Baby & Kind","False","https://img.rewe-static.de/1916624/20961299_digital-image.png"
"Hipp Gute Nacht-Brei Bio 7-Korn Ohne Zuckerzusatz 190g","Hipp","4062300265813","1.59","190g (1 kg = 8,37 €)","Baby & Kind","False","https://img.rewe-static.de/2147844/26310181_digital-image.png"
"Bübchen 3 in 1 Shampoo & Duschgel + Spülung Meereszauber 230ml","Bübchen","4065331001085","1.79","230ml (1 l = 7,78 €)","Baby & Kind","False","https://img.rewe-static.de/8668294/34468934_digital-image.png"
"Bebivita Bio Abendbrei Grieß-Vanille 190g","Bebivita","4018852033295","0.95","190g (1 kg = 5 €)","Baby & Kind","False","https://img.rewe-static.de/7959153/32468593_digital-image.png"
"Freche Freunde Bio Quetschie Apfel, Blaubeere mit Karotte 100g","Freche Freunde","4262367681247","0.95","100g (1 kg = 9,50 €)","Baby & Kind","False","https://img.rewe-static.de/7602566/44115884_digital-image.png"
"Hipp Bio Gute Nacht ohne Zuckerzusatz 3-Korn Flocken","Hipp","4062300321366","1.59","190g (1 kg = 8,37 €)","Baby & Kind","False","https://img.rewe-static.de/7244589/32049690_digital-image.png"
"Ferdi Fuchs Pizza-Roll Salami 2x24g","Ferdi Fuchs","4006639216207","1.59","2x24g (1 kg = 33,13 €)","Baby & Kind","False","https://img.rewe-static.de/7718153/37744139_digital-image.png"
"Bebivita Bio Reis mit Karotten und Pute 190g","Bebivita","4018852029984","0.95","190g (1 kg = 5 €)","Baby & Kind","False","https://img.rewe-static.de/8657528/34768519_digital-image.png"
"UHU Stic Klebestift 8,2g","Uhu","40267609","1.49","8,20g","Baby & Kind","False","https://img.rewe-static.de/3971775/23984288_digital-image.png"
"Salzburgmilch Bio Gouda Scheiben 150g","NA","4388860536706","2.99","150g (1 kg = 19,93 €)","Baby & Kind","False","https://img.rewe-static.de/8178769/41638522_digital-image.png"
"Hipp Gemüserisotto mit zarter Bio-Pute 250g","Hipp","4062300036710","1.85","250g (1 kg = 7,40 €)","Baby & Kind","False","https://img.rewe-static.de/0247979/6969230_digital-image.png"
"Ibis Milchbrötchen 480g","Ibis","4012263013907","2.39","480g (1 kg = 4,98 €)","Baby & Kind","False","https://img.rewe-static.de/0347571/957290_digital-image.png"
"Bübchen Kinder Shampoo Sensitiv 400ml","Bübchen","4065331000064","2.99","400ml (1 l = 7,48 €)","Baby & Kind","False","https://img.rewe-static.de/2227357/22803956_digital-image.png"
"REWE Bio Mini-Kartoffel-Taschen 300g","REWE Bio","4337256144698","3.19","300g (1 kg = 10,63 €)","Baby & Kind","False","https://img.rewe-static.de/8498663/32452525_digital-image.png"
"Inkee Badebombe Dinorex 1 Stück","NA","4059779035597","3.99","1 Stück","Baby & Kind","False","https://img.rewe-static.de/8787217/40116391_digital-image.png"
"Inkee Unicorn Badekugel + Überraschung 1 Stück","NA","4059779018378","3.99","1 Stück","Baby & Kind","False","https://img.rewe-static.de/8546634/40116482_digital-image.png"
"Iglo Königs-Gemüse 700g","Iglo","4250241208772","3.39","700g (1 kg = 4,84 €)","Baby & Kind","False","https://img.rewe-static.de/8608134/33278242_digital-image.png"
"Zott Monte Schoko 6x55g","Monte","4014500036878","2.29","6x55g (1 kg = 6,94 €)","Baby & Kind","False","https://img.rewe-static.de/0185811/31836134_digital-image.png"
"REWE Bio Dinkelbrötchen 6 Stück 420g","REWE Bio","4337256548571","2.49","420g (1 kg = 5,93 €)","Baby & Kind","False","https://img.rewe-static.de/8860585/39472120_digital-image.png"
"Danone Fruchtzwerge Banane, Erdbeere, Aprikose 6x50g","Fruchtzwerge","4009700035783","2.39","6x50g (1 kg = 7,97 €)","Baby & Kind","False","https://img.rewe-static.de/4526449/26066269_digital-image.png"
"Ölz Butterzopf mit Honig 500g","Ölz","9005300005077","2.99","500g (1 kg = 5,98 €)","Baby & Kind","False","https://img.rewe-static.de/1956450/2920170_digital-image.png"
"REWE Bio Reiswaffeln mit Hirse und Mais 100g","REWE Bio","4337256505468","0.99","100g (1 kg = 9,90 €)","Baby & Kind","False","https://img.rewe-static.de/7046681/28148102_digital-image.png"
"Dr. Oetker Paula Pudding Vanille mit Schoko-Flecken 4x125g","Dr. Oetker","4023600015539","1.99","4x125g (1 kg = 3,98 €)","Baby & Kind","False","https://img.rewe-static.de/5016541/35120136_digital-image.png"
"Lorenz ErdnußLocken Balls Classic 130g","Lorenz","4018077010170","1.11","130g (1 kg = 8,54 €)","Baby & Kind","True","https://img.rewe-static.de/9040271/42789091_digital-image.png"
"REWE Bio Apfel Birne Erdbeere 90g","REWE Bio","4337256714006","0.59","90g (1 kg = 6,56 €)","Baby & Kind","False","https://img.rewe-static.de/8441023/32853792_digital-image.png"
"Pampers Sensitive Feuchttücher 5x52 Stück","Pampers","8001841062792","5.29","5x52 Stück","Baby & Kind","False","https://img.rewe-static.de/8288905/29169027_digital-image.png"
"REWE Bio Cashew Cranberry Mix 250g","REWE Bio","4337256799829","2.89","250g (1 kg = 11,56 €)","Baby & Kind","False","https://img.rewe-static.de/3212382/27264915_digital-image.png"
"Freche Freunde Knusper-Herzchen Bio Banane & Erdbeere 30g","Freche Freunde","4260618523094","1.19","30g (1 kg = 39,67 €)","Baby & Kind","False","https://img.rewe-static.de/8000334/31210461_digital-image.png"
"REWE Beste Wahl Mini Marshmallows Weiss & Rosa 100g","REWE Beste Wahl","4337256675642","1.19","100g (1 kg = 11,90 €)","Baby & Kind","False","https://img.rewe-static.de/8119866/28919395_digital-image.png"
"Dr. Oetker Bistro Flammkuchen Elsässer Art 265g","Dr. Oetker","4001724038320","3.49","265g (1 kg = 13,17 €)","Baby & Kind","False","https://img.rewe-static.de/8703784/34878422_digital-image.png"
"Persil Vollwaschmittel Sensitive Gel Aloe Vera & Natürliche Seife 900ml, 20WL","Persil","4015200031651","6.35","900ml (1 l = 7,06 €)","Baby & Kind","False","https://img.rewe-static.de/7642770/39281681_digital-image.png"
"REWE Bio Studentenfutter 200g","REWE Bio","4337256385671","2.39","200g (1 kg = 11,95 €)","Baby & Kind","False","https://img.rewe-static.de/7840603/36085516_digital-image.png"
"Hipp Bio Williams-Christ-Birnen 190g","Hipp","4062300290082","1.45","190g (1 kg = 7,63 €)","Baby & Kind","False","https://img.rewe-static.de/1127713/6649010_digital-image.png"
"Hipp Frucht & Getreide Bio Birne in Apfel mit Dinkel 190g","Hipp","4062300269842","1.45","190g (1 kg = 7,63 €)","Baby & Kind","False","https://img.rewe-static.de/0464012/39895528_digital-image.png"
"Hipp Bio Pfirsich mit Apfel 190g","Hipp","4062300297067","1.45","190g (1 kg = 7,63 €)","Baby & Kind","False","https://img.rewe-static.de/3601030/2580910_digital-image.png"
"Dr. Oetker Ristorante Piccola Margherita 270g","Dr. Oetker","4001724038818","3.49","270g (1 kg = 12,93 €)","Baby & Kind","False","https://img.rewe-static.de/8707079/34878356_digital-image.png"
"Reis-fit Natur-Reis vorgegart 4x125g","Reis-Fit","4006237090193","1.99","4x125g (1 kg = 3,98 €)","Baby & Kind","False","https://img.rewe-static.de/0026304/8887050_digital-image.png"
"Seeberger Studentenfutter 400g","Seeberger","4008258154236","6.99","400g (1 kg = 17,48 €)","Baby & Kind","False","https://img.rewe-static.de/2458562/24885418_digital-image.png"
"Pampers Premium Protection Windeln Gr.2 4-8kg 34 Stück","Pampers","8700216207614","8.49","34 Stück","Baby & Kind","False","https://img.rewe-static.de/7588075/43331266_digital-image.png"
"Pampers Premium Protection Windeln Gr.1 2-5kg 24 Stück","Pampers","8700216207645","4.95","24 Stück","Baby & Kind","False","https://img.rewe-static.de/8744550/40364244_digital-image.png"
"7 Days Croissants 4 Stück","7 Days","7622202009808","2.59","4x60g (1 kg = 10,79 €)","Baby & Kind","False","https://img.rewe-static.de/0765225/31180123_digital-image.png"
"Freche Freunde Bio Knusper-Sticks Dreierlei Gemüse 30g","Freche Freunde","4260618524213","1.19","30g","Baby & Kind","False","https://img.rewe-static.de/8514859/38310471_digital-image.png"
"Bübchen Baby Öl sensitiv 200ml","Bübchen","4065331000019","2.59","200ml (1 l = 12,95 €)","Baby & Kind","False","https://img.rewe-static.de/7295954/39641266_digital-image.png"
"Bübchen Traumbad 500ml","Bübchen","4065331001542","3.59","500ml (1 l = 7,18 €)","Baby & Kind","False","https://img.rewe-static.de/8631216/34164957_digital-image.png"
"Granini Die Limo Zitrone & Limette 6x1l","Granini","4045145295115","10.14","6x1l (1 l = 1,69 €)","Baby & Kind","False","https://img.rewe-static.de/1903486/21340616_digital-image.png"
"Penaten Creme 50ml","Penaten","3574661783178","2.49","50ml (1 l = 49,80 €)","Baby & Kind","False","https://img.rewe-static.de/0937941/20201219_digital-image.png"
"Kid'sworld Schoko-Vanille Puddingdessert mit Überraschungsfigur 70g","NA","8595588204107","0.89","70g (1 kg = 12,71 €)","Baby & Kind","False","https://img.rewe-static.de/2519833/27823572_digital-image.png"
"REWE Bio Wiener Würstchen 250g","REWE Bio","4337256213035","3.99","250g (1 kg = 15,96 €)","Baby & Kind","False","https://img.rewe-static.de/2937503/26024362_digital-image.png"
"REWE Bio Äpfel rot 1kg","REWE Bio","4566778887657","2.49","1kg","Baby & Kind","True","https://img.rewe-static.de/1907545/21289326_digital-image.png"
"Grünländer Käsewürfel mild & nussig 140g","Grünländer","4002468229128","1.59","140g (1 kg = 11,36 €)","Baby & Kind","True","https://img.rewe-static.de/9906081/47715537_digital-image.png"
"REWE Beste Wahl Milchbrötchen 480g","REWE Beste Wahl","4337256845328","2.19","480g (1 kg = 4,56 €)","Baby & Kind","False","https://img.rewe-static.de/7966574/32410595_digital-image.png"
"REWE Bio Joghurt Schoko-Splits 150g","REWE Bio","4337256387170","0.49","150g (1 kg = 3,27 €)","Baby & Kind","True","https://img.rewe-static.de/0784744/5300520_digital-image.png"
"REWE Bio Joghurt mild mit Heidelbeere-Cassis 500g","REWE Bio","4337256881425","1.79","500g (1 kg = 3,58 €)","Baby & Kind","False","https://img.rewe-static.de/8055541/31563795_digital-image.png"
"REWE Bio Braunes Mandelmus vegan 250g","REWE Bio","4337256930321","5.79","250g (1 kg = 23,16 €)","Baby & Kind","False","https://img.rewe-static.de/9057280/40979412_digital-image.png"
"REWE Beste Wahl Hygienespray 250ml","REWE Beste Wahl","4337256860185","1.79","250ml (1 l = 7,16 €)","Baby & Kind","False","https://img.rewe-static.de/2832074/26199585_digital-image.png"
"Frosch Senses Sensitivseife Panthenol 500ml","Frosch","4001499967429","2.49","500ml (1 l = 4,98 €)","Baby & Kind","False","https://img.rewe-static.de/1258185/27393440_digital-image.png"
"Orangina 330ml","Orangina","4000140703881","0.79","0,33l (1 l = 2,39 €)","Baby & Kind","True","https://img.rewe-static.de/2098662/22390182_digital-image.png"
"REWE Beste Wahl Hygiene Reinigungstücher 40 Stück","REWE Beste Wahl","4337256891431","1.99","40 Stück","Baby & Kind","False","https://img.rewe-static.de/8247965/29030783_digital-image.png"
"REWE Bio Fruchtschnitte Cranberry-Kirsch 150g","REWE Bio","4337256647076","2.89","150g (1 kg = 19,27 €)","Baby & Kind","False","https://img.rewe-static.de/7681325/40145802_digital-image.png"
"REWE Feine Welt Macarons 6 Stück 72g","REWE Feine Welt","4337256716161","2.99","72g (1 kg = 41,53 €)","Baby & Kind","False","https://img.rewe-static.de/2849409/25367128_digital-image.png"
"Vivess Kopierpapier 80g A4 500 Blatt","Vivess","4260496480229","5.99","500 Stück","Baby & Kind","False","https://img.rewe-static.de/9009917/42380656_digital-image.png"
"REWE Beste Wahl Vegane Fischstäbchen 450g","REWE Beste Wahl","4337256622899","3.49","450g (1 kg = 7,76 €)","Baby & Kind","False","https://img.rewe-static.de/7887196/34696411_digital-image.png"
"Today Einmalwaschlappen Sensitiv 50 Stück","Today","4337256790871","2.25","50 Stück","Baby & Kind","False","https://img.rewe-static.de/8089958/30180634_digital-image.png"
"REWE Beste Wahl Pflaumen 395g","REWE Beste Wahl","4337256342360","2.19","395g (1 kg = 5,54 €)","Baby & Kind","False","https://img.rewe-static.de/0133293/22997351_digital-image.png"
"Kölln Schoko Hafer-Müsli 30% weniger Zucker 1,7kg","Kölln","4000540033878","9.99","1700g (1 kg = 5,88 €)","Baby & Kind","False","https://img.rewe-static.de/9963121/46043060_digital-image.png"
"Hipp Bio Frucht & Getreide Feiner Obstbrei 190g","Hipp","4062300406483","1.45","190g (1 kg = 7,63 €)","Baby & Kind","False","https://img.rewe-static.de/4720539/6916980_digital-image.png"
"Dr. Oetker Marmor Kuchen Backmischung 475g","Dr. Oetker","4000521030001","2.22","475g (1 kg = 4,67 €)","Baby & Kind","True","https://img.rewe-static.de/8745344/35627008_digital-image.png"
"Freche Freunde Bio Banane, Apfel, Erdbeere & Himbeere 100g","Freche Freunde","4260618528600","0.95","100g (1 kg = 9,50 €)","Baby & Kind","False","https://img.rewe-static.de/7791241/43999882_digital-image.png"
"Brandt Vollkorn-Zwieback 225g","Brandt","4013752027405","2.29","225g (1 kg = 10,18 €)","Baby & Kind","False","https://img.rewe-static.de/4000986/7372290_digital-image.png"
"Campo Verde Bio Demeter Apfelmark 360g","Campo Verde","4045178002124","1.39","360g (1 kg = 3,86 €)","Baby & Kind","False","https://img.rewe-static.de/0835127/33687126_digital-image.png"
"Babytime Sicherheits- wattestäbchen","Babytime","25890570","0.75","72 Stück","Baby & Kind","False","https://img.rewe-static.de/8903862/39448656_digital-image.png"
"REWE Bio Naturland Zitronen Erfrischungsgetränk 0,75l","REWE Bio","4337256413213","1.19","0,75l (1 l = 1,59 €)","Baby & Kind","False","https://img.rewe-static.de/7812629/36037535_digital-image.png"
"Bonduelle Bio Kichererbsen 265g","Bonduelle","3083681052848","2.29","265g (1 kg = 8,64 €)","Baby & Kind","False","https://img.rewe-static.de/3068492/26172370_digital-image.png"
"Hipp Bio Frucht & Getreide Apfel-Banane mit Babykeks 190g","Hipp","4062300269804","1.45","190g (1 kg = 7,63 €)","Baby & Kind","False","https://img.rewe-static.de/0800333/6842750_digital-image.png"
"Freche Freunde Bio Quetschie Banane Erdbeere mit Hafer & Quinoa 100g","Freche Freunde","4262367681582","0.95","100g (1 kg = 9,50 €)","Baby & Kind","False","https://img.rewe-static.de/7542290/43817729_digital-image.png"
"Hipp Guten Morgen Bio Erdbeere in Apfel-Joghurt-Müsli 160g","Hipp","4062300262652","1.19","160g (1 kg = 7,44 €)","Baby & Kind","False","https://img.rewe-static.de/5346622/7445000_digital-image.png"
"Herbacin Latschenkiefer Wellness-Bad 1l","Herbacin","4013718065014","3.29","1000ml","Baby & Kind","False","https://img.rewe-static.de/9725415/1742460_digital-image.png"
"Erdbär Freche Freunde Bio Joghurtmus Erdbeer & Himbeer 100g","Freche Freunde","4262367681629","0.95","100g (1 kg = 9,50 €)","Baby & Kind","False","https://img.rewe-static.de/2388378/44352846_digital-image.png"
"Hipp Buttergemüse-Süßkartoffel Bio-Hühnchen 250g","Hipp","4062300198838","1.85","250g (1 kg = 7,40 €)","Baby & Kind","False","https://img.rewe-static.de/1423715/23034025_digital-image.png"
"Hipp Guten Morgen Bio Früchte-Joghurt-Müsli 160g","Hipp","4062300262683","1.19","160g (1 kg = 7,44 €)","Baby & Kind","False","https://img.rewe-static.de/5346665/10220330_digital-image.png"
"yfood Trinkmahlzeit Apple Cinnamon 500ml","yfood","4260556635552","2.99","500ml (1 l = 5,98 €)","Baby & Kind","True","https://img.rewe-static.de/7567580/42207105_digital-image.png"
"Hipp Bio Pasta Bambini Rigatoni Napoli 250g","Hipp","4062300462229","1.85","250g (1 kg = 7,40 €)","Baby & Kind","False","https://img.rewe-static.de/3613224/8128600_digital-image.png"
"REWE Bio Expressreis Vollkorn & Wildreis 250g","REWE Bio","4337256717861","1.49","250g (1 kg = 5,96 €)","Baby & Kind","False","https://img.rewe-static.de/8998378/42309785_digital-image.png"
"Hipp Gemüsereis mit Bio-Hühnchen 190g","Hipp","4062300025318","1.65","190g (1 kg = 8,68 €)","Baby & Kind","False","https://img.rewe-static.de/0245372/7444800_digital-image.png"
"REWE Beste Wahl Party Streudekor Mix 65g","REWE Beste Wahl","4337256865364","0.99","65g (1 kg = 15,23 €)","Baby & Kind","False","https://img.rewe-static.de/9988451/45627367_digital-image.png"
"Hipp Bio Gemüseallerlei 190g","Hipp","4062300020313","1.25","190g (1 kg = 6,58 €)","Baby & Kind","False","https://img.rewe-static.de/0244872/1033670_digital-image.png"
"Hipp Früchte-Duett Bio Joghurt auf Früchten 160g","Hipp","4062300379473","1.15","160g (1 kg = 7,19 €)","Baby & Kind","False","https://img.rewe-static.de/0269983/7444200_digital-image.png"
"Hipp Bio Spaghetti Bolognese 220g","Hipp","4062300266087","1.75","220g (1 kg = 7,95 €)","Baby & Kind","False","https://img.rewe-static.de/8074089/10219830_digital-image.png"
"Hipp Bio Makkaroni Erbsen Gemüse vegan 220g","Hipp","4062300456020","1.79","220g (1 kg = 8,14 €)","Baby & Kind","False","https://img.rewe-static.de/8917327/42805125_digital-image.png"
"Hipp Mais mit Kartoffelpüree & Bio-Pute 190g","Hipp","4062300266230","1.65","190g (1 kg = 8,68 €)","Baby & Kind","False","https://img.rewe-static.de/3777570/6617820_digital-image.png"
"Freche Freunde Bio Quetschie Apfel, Birne mit Zimt, Reis & Dinkel 100g","Freche Freunde","4262367681360","0.95","100g (1 kg = 9,50 €)","Baby & Kind","False","https://img.rewe-static.de/9055989/44120103_digital-image.png"
"Babywell Windeln Gr.5 11-16kg 36 Stück","NA","9009695002055","5.55","36 Stück","Baby & Kind","False","https://img.rewe-static.de/9955287/46937019_digital-image.png"
"Vivess Papp-Becher 15x0,3l","Vivess","4388860422610","2.29","15 Stück","Baby & Kind","False","https://img.rewe-static.de/8040924/30917783_digital-image.png"
"Aptamil Pronutra Pre Anfangsmilch 800g","Aptamil","4056631001202","18.99","800g (1 kg = 23,74 €)","Baby & Kind","False","https://img.rewe-static.de/8233092/28654322_digital-image.png"
"Freche Freunde Bio Quetschie Banane Apfel Himbeere Blaubeere mit Hafer 100g","Freche Freunde","4262367681605","0.95","100g (1 kg = 9,50 €)","Baby & Kind","False","https://img.rewe-static.de/7601386/44119081_digital-image.png"
"Bebivita Bio Zwieback in Apfel-Banane 250g","Bebivita","4018852036487","1.15","250g (1 kg = 4,60 €)","Baby & Kind","False","https://img.rewe-static.de/8441998/31712229_digital-image.png"
"REWE Beste Wahl Hygienetücher 15 Stück","REWE Beste Wahl","4337256172950","1.49","15 Stück","Baby & Kind","False","https://img.rewe-static.de/7259597/28012211_digital-image.png"
"SoFine Brokkoli Burger vegan 170g","SoFine","8718885890846","2.79","170g (1 kg = 16,41 €)","Baby & Kind","False","https://img.rewe-static.de/8330439/30519761_digital-image.png"
"Bonduelle Bio Junge Erbsen 280g","Bonduelle","3083681106947","2.29","280g (1 kg = 8,18 €)","Baby & Kind","False","https://img.rewe-static.de/2329428/23295682_digital-image.png"
"Hipp Bio Karotten mit Reis & Wildlachs 220g","Hipp","4062300208254","1.75","220g (1 kg = 7,95 €)","Baby & Kind","False","https://img.rewe-static.de/1916606/20961160_digital-image.png"
"Kölln Bio Multikorn-Flocken zart 500g","Kölln","4000540000481","2.99","500g (1 kg = 5,98 €)","Baby & Kind","False","https://img.rewe-static.de/7319991/2433500_digital-image.png"
"Milupa Milumil Pre 800g","Milupa","4008976032892","11.29","800g (1 kg = 14,11 €)","Baby & Kind","False","https://img.rewe-static.de/1405876/22706612_digital-image.png"
"Pampers Baby-Dry Windeln Gr.8 17+kg 18 Stück","Pampers","8700216227452","8.49","18 Stück","Baby & Kind","False","https://img.rewe-static.de/7838079/35021214_digital-image.png"
"Vivess Collegeblock A4 kariert 80 Blatt","Vivess","4015291008105","2.19","1 Stück","Baby & Kind","False","https://img.rewe-static.de/2864485/31072820_digital-image.png"
"Hipp Bio Apfel-Banane & Babykeks 4x90g","Hipp","4062300289437","3.69","4x90g (1 kg = 10,25 €)","Baby & Kind","False","https://img.rewe-static.de/2559762/26388778_digital-image.png"
"Pampers Baby-Dry Windeln Gr.6 13-18kg 22 Stück","Pampers","8700216227353","8.49","22 Stück","Baby & Kind","False","https://img.rewe-static.de/7838677/35509516_digital-image.png"
"Vivess Kids Servietten Dinosaurier 20 Stück","Vivess","4337256789578","1.39","20 Stück","Baby & Kind","False","https://img.rewe-static.de/7535920/43916709_digital-image.png"
"Vivess Papiertrinkhalme 40 Stück","Vivess","4388860273991","1.99","40 Stück","Baby & Kind","False","https://img.rewe-static.de/8112555/28952668_digital-image.png"
"Luftballons mit Punkten 6 Stück","NA","9557869017836","1.79","6 Stück","Baby & Kind","False","https://img.rewe-static.de/8315560/30539349_digital-image.png"
"Babywell Windeln Gr.4 9-14kg 42 Stück","NA","9009695002031","5.55","42 Stück","Baby & Kind","False","https://img.rewe-static.de/9955181/46936776_digital-image.png"
"Bebivita Bio Abendbrei Keks Banane 190g","Bebivita","4018852029359","0.95","190g (1 kg = 5 €)","Baby & Kind","False","https://img.rewe-static.de/7935150/32352237_digital-image.png"
"Hipp Bio Milder Apfel Fenchel 0,5l","Hipp","4062300395541","1.19","500ml (1 l = 2,38 €)","Baby & Kind","False","https://img.rewe-static.de/8511840/32049368_digital-image.png"
"Odol-med3 Zahncreme Juniorzahn Frische Minze 75ml","Odol-med3","5054563193414","2.49","75ml (1 l = 33,20 €)","Baby & Kind","False","https://img.rewe-static.de/7904766/40274090_digital-image.png"
"REWE Beste Wahl Cake Pops Vanille Backmischung 260g","REWE Beste Wahl","4337256863858","2.79","265g (1 kg = 10,53 €)","Baby & Kind","False","https://img.rewe-static.de/9995861/45886145_digital-image.png"
"Weleda Baby Waschlotion & Shampoo Calendula 200ml","Weleda","4001638523127","6.99","200ml (1 l = 34,95 €)","Baby & Kind","False","https://img.rewe-static.de/1911709/20961389_digital-image.png"
"Weleda Baby Wundschutzcreme Calendula 75ml","Weleda","4001638523165","5.79","75ml (1 l = 77,20 €)","Baby & Kind","False","https://img.rewe-static.de/2007508/21438409_digital-image.png"
"Bebivita Bio Gemüse-Reis mit Rindfleisch 250g","Bebivita","4018852030522","1.25","250g (1 kg = 5 €)","Baby & Kind","False","https://img.rewe-static.de/7922512/33375656_digital-image.png"
"SOTO Bio Mini Frühlingsrollen China Style vegan 200g","SOTO","4026584132209","2.99","4x200g (1 kg = 14,95 €)","Baby & Kind","False","https://img.rewe-static.de/0066897/39738306_digital-image.png"
"Bebivita Bio Frühkarotten mit Kartoffeln 190g","Bebivita","4018852029892","0.75","190g (1 kg = 3,95 €)","Baby & Kind","False","https://img.rewe-static.de/5944570/7448220_digital-image.png"
"Bebivita Folgemilch 3 500g","Bebivita","4018852021117","6.25","500g (1 kg = 12,50 €)","Baby & Kind","False","https://img.rewe-static.de/8353234/30842663_digital-image.png"
"Danone Fruchtzwerge Apfel Banane Karotte 6x50g","Danone","4009700045522","2.39","6x50g (1 kg = 7,97 €)","Baby & Kind","False","https://img.rewe-static.de/9967692/46238479_digital-image.png"
"Penaten Intensiv Pflegeöl Aloe Vera 200ml","Penaten","3574661816005","3.45","200ml (1 l = 17,25 €)","Baby & Kind","False","https://img.rewe-static.de/0937947/8129700_digital-image.png"
"Hipp Bio Milde Birne 0,5l","Hipp","4062300395602","1.19","500ml (1 l = 2,38 €)","Baby & Kind","False","https://img.rewe-static.de/8512500/32049722_digital-image.png"
"Vivess Collegeblock A4 liniert 80 Blatt","Vivess","4015291008068","2.19","1 Stück","Baby & Kind","False","https://img.rewe-static.de/2864484/31072851_digital-image.png"
"Bauckhof Bio Dinkel Müzli Beeren 425g","Bauckhof","4015637822310","3.99","425g (1 kg = 9,39 €)","Baby & Kind","False","https://img.rewe-static.de/0093249/23322828_digital-image.png"
"Bebivita Abendbrei Griess-Banane-Apfel Bio 190g","Bebivita","4018852029342","0.95","190g (1 kg = 5 €)","Baby & Kind","False","https://img.rewe-static.de/8501057/33973097_digital-image.png"
"Bebivita Bio Couscous-Gemüse mit Süßkartoffel 250g","Bebivita","4018852030508","1.25","250g (1 kg = 5 €)","Baby & Kind","False","https://img.rewe-static.de/8590210/38273799_digital-image.png"
"Hipp 100% Bio Direktsaft Milder Apfel nach dem 4. Monat 330g","Hipp","4062300345317","1.55","330g (1 l = 4,70 €)","Baby & Kind","False","https://img.rewe-static.de/8290494/29368755_digital-image.png"
"Pampers Baby-Dry Windeln Pants Gr.5 12-17kg 24 Stück","Pampers","8700216241434","8.49","24 Stück","Baby & Kind","False","https://img.rewe-static.de/7839196/40361398_digital-image.png"
"Pustefix Seifenblasen Klein 42ml","NA","4001648692103","0.99","42ml","Baby & Kind","False","https://img.rewe-static.de/0446379/27790920_digital-image.png"
"Babywell Windeln Pants Gr.5 12-17kg 20 Stück","NA","9009695002079","4.45","20 Stück","Baby & Kind","False","https://img.rewe-static.de/9955919/46936957_digital-image.png"
"Nestlé BEBA Pre Anfangsmilch von Geburt an 800g","Nestlé","7613038463582","19.95","800g (1 kg = 24,94 €)","Baby & Kind","False","https://img.rewe-static.de/8424716/30876962_digital-image.png"
"Bebivita Bio Frühstücks-Müsli Apfel Pfirsich 160g","Bebivita","4018852029519","1.05","160g (1 kg = 6,56 €)","Baby & Kind","False","https://img.rewe-static.de/8503933/32352416_digital-image.png"
"Bebivita Bio Frucht und Quark Apfel Banane 190g","Bebivita","4018852034056","1.05","190g (1 kg = 5,53 €)","Baby & Kind","False","https://img.rewe-static.de/8500145/42714168_digital-image.png"
"Bebivita Bio Schinkennudeln in Tomatensauce 250g","Bebivita","4018852030485","1.25","250g (1 kg = 5 €)","Baby & Kind","False","https://img.rewe-static.de/8557708/32838871_digital-image.png"
"Biozentrale Bio Knusperbrot Erbse Linse 100g","biozentrale","4005009102782","1.99","100g (1 kg = 19,90 €)","Baby & Kind","False","https://img.rewe-static.de/3552139/33509043_digital-image.png"
"Hipp Bio Kindergrieß 450g","Hipp","4062300392274","4.85","450g (1 kg = 10,78 €)","Baby & Kind","False","https://img.rewe-static.de/8708900/38273017_digital-image.png"
"Hohes C Plus Calcium & Vitamin D Apfel Aronia Banane 3x0,2l","Hohes C","4048517745829","1.69","3x0,20l","Baby & Kind","False","https://img.rewe-static.de/7635122/42405684_digital-image.png"
"Vivess Löffel aus Holz 20 Stück","Vivess","4388860731200","1.69","20 Stück","Baby & Kind","False","https://img.rewe-static.de/8363107/30051087_digital-image.png"
"Vivess Collegeblock A5 kariert","Vivess","4015291008020","1.49","1 Stück","Baby & Kind","False","https://img.rewe-static.de/2864483/31072627_digital-image.png"
"Bübchen Spezial Wundschutz Creme sensitiv 75ml","Bübchen","4065331000743","1.99","75ml (1 l = 26,53 €)","Baby & Kind","False","https://img.rewe-static.de/8672133/39641323_digital-image.png"
"Cosmea Pelzy Protect Vlieswindeln 30 Stück","Cosmea","4000576523664","3.79","30 Stück","Baby & Kind","False","https://img.rewe-static.de/6452051/27889853_digital-image.png"
"Hipp Karotten mit Mais & Bio-Kalb 190g","Hipp","4062300260795","1.65","190g (1 kg = 8,68 €)","Baby & Kind","False","https://img.rewe-static.de/0972371/10219430_digital-image.png"
"REWE Beste Wahl Cake Pops Schoko Backmischung 260g","REWE Beste Wahl","4337256854993","2.79","260g (1 kg = 10,73 €)","Baby & Kind","False","https://img.rewe-static.de/9998480/45886141_digital-image.png"
"REWE Beste Wahl Party Cupcakes Backmischung 370g","REWE Beste Wahl","4337256862851","2.79","370g (1 kg = 7,54 €)","Baby & Kind","False","https://img.rewe-static.de/9998471/45886166_digital-image.png"
"Vivess Fineliner schwarz 0,4mm 3 Stück","Vivess","4388858914530","1.99","1 Stück","Baby & Kind","False","https://img.rewe-static.de/1042183/24481701_digital-image.png"
"Hipp Bio Mango-Banane in Apfel 190g","Hipp","4062300293779","1.45","190g (1 kg = 7,63 €)","Baby & Kind","False","https://img.rewe-static.de/2147751/23714440_digital-image.png"
"UHU Extra Alleskleber 31g","Uhu","4026700460155","2.99","31g (1 kg = 96,45 €)","Baby & Kind","False","https://img.rewe-static.de/5357926/23984071_digital-image.png"
"Faber-Castell Dreikant Buntstifte 12 Stück","Faber-Castell","4005401165125","2.99","12 Stück","Baby & Kind","False","https://img.rewe-static.de/2561521/19568710_digital-image.png"
"Hipp Bio Hafer Smoothie Apfel Banane Erdbeere vegan 120ml","Hipp","4062300437074","1.29","120ml (1 l = 10,75 €)","Baby & Kind","False","https://img.rewe-static.de/7692133/38685514_digital-image.png"
"Freche Freunde Bio Quetschie Apfel Sauerkirsche mit Süßkartoffel 100g","Freche Freunde","4262367681346","0.95","100g (1 kg = 9,50 €)","Baby & Kind","False","https://img.rewe-static.de/7603284/43978914_digital-image.png"
"Lego Minifiguren Dungeons & Dragons 71047 ab 5 Jahren","Lego","5702017595610","3.99","1 Stück","Baby & Kind","False","https://img.rewe-static.de/7579474/47472930_digital-image.png"
"Vivess Girlande Happy Birthday 1,4m","Vivess","4388860626759","2.49","1 Stück","Baby & Kind","False","https://img.rewe-static.de/8085334/30333331_digital-image.png"
"Dentinox Zinksalbe 45g","Dentinox","4102968000385","5.99","45g (1 kg = 133,11 €)","Baby & Kind","False","https://img.rewe-static.de/7210036/33972810_digital-image.png"
"Bübchen Shampoo & Duschgel Popcorn Monster 230ml","Bübchen","4065331004291","1.79","230ml (1 l = 7,78 €)","Baby & Kind","False","https://img.rewe-static.de/7590236/44243315_digital-image.png"
"Freche Freunde Bio Quetschie Pfirsich, Apfel, Banane mit Hafer 100g","Freche Freunde","4262367681261","0.95","100g (1 kg = 9,50 €)","Baby & Kind","False","https://img.rewe-static.de/9053083/44166100_digital-image.png"
"Post-It Super Sticky Notes 76x76mm gelb 90 Blatt","Post-it","51141977928","2.99","90 Stück","Baby & Kind","False","https://img.rewe-static.de/2720339/25334226_digital-image.png"
"Pelikan Radiergummi 2 Stück","Pelikan","4012700619938","1.39","1 Stück","Baby & Kind","False","https://img.rewe-static.de/3901980/1227340_digital-image.png"
"Penaten Seife 90g","Penaten","3574661643014","1.19","90g (1 kg = 13,22 €)","Baby & Kind","False","https://img.rewe-static.de/7859055/35802597_digital-image.png"
"Vivess Trennstreifen 100 Stück","Vivess","4022755180208","2.99","100 Stück","Baby & Kind","False","https://img.rewe-static.de/2932866/26161979_digital-image.png"
"Vivess Trinkhalme Glas 4 Stück","Vivess","4388860623031","3.99","4 Stück","Baby & Kind","False","https://img.rewe-static.de/8295598/30046517_digital-image.png"
"Aptamil Kindermilch ab 1 Jahr 800g","Aptamil","4056631003770","14.99","800g (1 kg = 18,74 €)","Baby & Kind","False","https://img.rewe-static.de/8437747/31210481_digital-image.png"
"Bebe Zartcreme 150ml","Bebe","3574661444123","1.99","150ml (1 l = 13,27 €)","Baby & Kind","False","https://img.rewe-static.de/2426217/23878936_digital-image.png"
"Bübchen Calendula Baby Gesichtspflege 75ml","Bübchen","42420682","3.19","75ml (1 l = 42,53 €)","Baby & Kind","False","https://img.rewe-static.de/8670729/35022189_digital-image.png"
"Minecraft Nano Metalfigs 1 Stück","NA","4006333064821","2.49","1 Stück","Baby & Kind","False","https://img.rewe-static.de/8545292/42971515_digital-image.png"
"Motiv Pappteller Ø 22cm 10 Stück","NA","4337256343572","1.79","10 Stück","Baby & Kind","False","https://img.rewe-static.de/7825090/34077085_digital-image.png"
"Vivess Deko-Set","Vivess","4388860625936","3.79","5 Stück","Baby & Kind","False","https://img.rewe-static.de/8295346/36086170_digital-image.png"
"Vivess Doppelanspitzer aus Metall","Vivess","4388844253940","1.49","1 Stück","Baby & Kind","False","https://img.rewe-static.de/2834231/29944494_digital-image.png"
"Vivess Heft 25 Liniert mit Rand A4 16 Blatt","Vivess","4015291007221","0.79","1 Stück","Baby & Kind","False","https://img.rewe-static.de/2854684/31100062_digital-image.png"
"Granini Die Limo Kirsche & Zitrone 6x1l","Granini","4048517758539","10.14","6x1l (1 l = 1,69 €)","Baby & Kind","False","https://img.rewe-static.de/7597475/42940696_digital-image.png"
"Hipp Bio Combiotik 2 nach dem 6. Monat Folgemilch 600g","Hipp","4062300398917","14.75","600g (1 kg = 24,58 €)","Baby & Kind","False","https://img.rewe-static.de/7859486/35496878_digital-image.png"
"Stabilo Point88 3 Stück","STABILO","4006381102131","2.99","NA","Baby & Kind","False","https://img.rewe-static.de/7757743/970490_digital-image.png"
"Valensina Kids Bibi & Tina Roter Fruchtmix 6x0,33l","Valensina","4009491220146","6.54","6x0,33l (1 l = 3,30 €)","Baby & Kind","False","https://img.rewe-static.de/8658918/35985287_digital-image.png"
"Vivess Heft 26 Kariert mit Rand A4 16 Blatt","Vivess","4015291007269","0.79","1 Stück","Baby & Kind","False","https://img.rewe-static.de/2854680/31100058_digital-image.png"
"Freche Freunde Bio Quetschie Multi Pack Mix Obst+Gemüse 4x100g","Freche Freunde","4262367681407","3.59","4x100g","Baby & Kind","False","https://img.rewe-static.de/9956761/45402330_digital-image.png"
"Milupa Milumil Kindermilch ab 1+ 550g","Milupa","4008976033257","7.99","550g (1 kg = 14,53 €)","Baby & Kind","False","https://img.rewe-static.de/2522575/24313910_digital-image.png"
"Vivess Lineal 16cm","Vivess","4388844191099","0.99","1 Stück","Baby & Kind","False","https://img.rewe-static.de/2498968/24482241_digital-image.png"
"Weleda Calendula Gesichtscreme 50ml","Weleda","4001638523158","5.99","50ml (1 l = 119,80 €)","Baby & Kind","False","https://img.rewe-static.de/1911706/20972101_digital-image.png"
"Penaten Intensiv Pflegemilch 400ml","Penaten","3574661817064","3.99","400ml (1 l = 9,98 €)","Baby & Kind","False","https://img.rewe-static.de/0937905/10204010_digital-image.png"
"Uno Kartenspiel","NA","746775036744","9.99","1 Stück","Baby & Kind","False","https://img.rewe-static.de/2088628/23146920_digital-image.png"
"Vivess Heftstreifen 10stk","Vivess","4022755180260","1.49","10 Stück","Baby & Kind","False","https://img.rewe-static.de/2932587/29944455_digital-image.png"
"Vivess Pinsel Set 5 teilig","Vivess","4388844253582","1.49","1 Stück","Baby & Kind","False","https://img.rewe-static.de/2834133/31505747_digital-image.png"
"Brandt Minis Kakao Shot 85g","Brandt","4013752082046","1.99","85g (1 kg = 23,41 €)","Baby & Kind","False","https://img.rewe-static.de/9958184/47473547_digital-image.png"
"Faber-Castell Jumbo Dreikant Buntstifte 6 Stück","Faber-Castell","4005401165064","3.99","1 Stück","Baby & Kind","False","https://img.rewe-static.de/8386112/42068522_digital-image.png"
"Herlitz Universal Tintenpatrone 2x5","Herlitz","4008110194325","2.19","2x1 Stück","Baby & Kind","False","https://img.rewe-static.de/0292393/28079470_digital-image.png"
"Hipp Babysanft Feuchttücher Zart Pflegend 5x48 Stück","Hipp","4062300462403","4.99","5x48 Stück","Baby & Kind","False","https://img.rewe-static.de/7566286/44994744_digital-image.png"
"Nestlé Beba 1 Anfangsmilch 800g","Nestlé","7613038463070","19.95","800g (1 kg = 24,94 €)","Baby & Kind","False","https://img.rewe-static.de/8006718/30868922_digital-image.png"
"Nuk Space Silikon Sauger 6-18 Monate 2 Stück","Nuk","4008600312253","6.49","2 Stück","Baby & Kind","False","https://img.rewe-static.de/8233863/28600598_digital-image.png"
"Pelikan Tintenlöschstift 2er Set","Pelikan","4012700811554","2.99","1 Stück","Baby & Kind","False","https://img.rewe-static.de/8071542/42909154_digital-image.png"
"Pelikan Tintenpatronen 4001 Königsblau 2x6 Stück","Pelikan","4012700330796","2.49","1 Stück","Baby & Kind","False","https://img.rewe-static.de/0328758/31504943_digital-image.png"
"Bebe Zartcreme 50ml","Bebe","3574661444147","1.19","50ml (1 l = 23,80 €)","Baby & Kind","False","https://img.rewe-static.de/2426235/29259076_digital-image.png"
"Dreh und Trink Cola-Mix 0,2l","Dreh und Trink","9015340103572","0.89","0,20l (1 l = 4,45 €)","Baby & Kind","False","https://img.rewe-static.de/0149656/2878170_digital-image.png"
"Pilot Frixion Ball Blister blau 0,7mm","Pilot Pen","3131910637677","2.99","1 Stück","Baby & Kind","False","https://img.rewe-static.de/0959542/29944451_digital-image.png"
"Vivess Babysocken 19-22 ca. 1-2 Jahre","Vivess","4337256616430","3.99","1 Stück","Baby & Kind","False","https://img.rewe-static.de/7691832/41549247_digital-image.png"
"Vivess Briefblock A5 kariert 100 Blatt","Vivess","4015291006989","1.99","1 Stück","Baby & Kind","False","https://img.rewe-static.de/2854751/31072729_digital-image.png"
"Vivess Malblock DIN A3 30 Blatt","Vivess","4015291008181","2.99","1 Stück","Baby & Kind","False","https://img.rewe-static.de/2868096/31100383_digital-image.png"
"Dentinox Zahnungspflege Gel Care 10g","Dentinox","4102960801010","6.99","10g","Baby & Kind","False","https://img.rewe-static.de/7589307/43905832_digital-image.png"
"Dreh und Trink Apfel 0,2l","Dreh und Trink","9015340103527","0.89","0,20l (1 l = 4,45 €)","Baby & Kind","False","https://img.rewe-static.de/6208002/21589185_digital-image.png"
"Faber-Castell Bleistift Grip 2001 2 Stück","Faber-Castell","4005401174974","2.49","2 Stück","Baby & Kind","False","https://img.rewe-static.de/2140470/2502420_digital-image.png"
"Frixion Mine Blau 3 Stück 0,7mm M","NA","3131910637752","6.99","1 Stück","Baby & Kind","False","https://img.rewe-static.de/1003934/26521256_digital-image.png"
"Nuk Trinklernflasche Mini Magic Cup160ml","Nuk","4008600350743","10.99","1 Stück","Baby & Kind","False","https://img.rewe-static.de/8436511/32629380_digital-image.png"
"Penaten Bad & Shampoo Natursanft 395ml","Penaten","3574661691602","5.99","395ml (1 l = 15,16 €)","Baby & Kind","False","https://img.rewe-static.de/7755359/37459366_digital-image.png"
"Stabilo Fineliner Point 88 10 Stück","STABILO","4006381217842","7.99","1 Stück","Baby & Kind","False","https://img.rewe-static.de/8338701/23470459_digital-image.png"
"Staedtler Lumocolor Permanent Marker 2 Stück","Staedtler","4007817082553","2.99","2 Stück","Baby & Kind","False","https://img.rewe-static.de/7942399/43100525_digital-image.png"
"Vivess A5 Notizbuch 96 Blatt","Vivess","4025662500015","2.49","1 Stück","Baby & Kind","False","https://img.rewe-static.de/7707088/24481903_digital-image.png"
"Vivess Baby Frottee-Lätzchen Happy Bear 2 Stück","Vivess","4337256614061","5.99","2 Stück","Baby & Kind","False","https://img.rewe-static.de/8913678/41570154_digital-image.png"
"Vivess Heft A4 Lin 27 16 Blatt","Vivess","4015291007306","0.79","1 Stück","Baby & Kind","False","https://img.rewe-static.de/2854663/31100219_digital-image.png"
"Vivess Heft A4 Lin 28 16 Blatt","Vivess","4015291007344","0.79","1 Stück","Baby & Kind","False","https://img.rewe-static.de/2854652/31100214_digital-image.png"
"Vivess Kartonhefter A4 5 Stück","Vivess","4022755180284","2.29","5 Stück","Baby & Kind","False","https://img.rewe-static.de/2932592/31505821_digital-image.png"
"Faber-Castell Coulour Grip Farbstifte 12 Stück","Faber-Castell","4005401124122","9.99","12 Stück","Baby & Kind","False","https://img.rewe-static.de/4617223/33113582_digital-image.png"
"Nuk First Choice Trinklernflasche Night 150ml","Nuk","4008600372639","7.99","1 Stück","Baby & Kind","False","https://img.rewe-static.de/8556114/32803209_digital-image.png"
"Nuk Signature Schnuller Silicone 6-18 Monate 2 Stück","Nuk","4008600378709","3.99","2 Stück","Baby & Kind","False","https://img.rewe-static.de/7945750/32261933_digital-image.png"
"Nuk Space Night Schnuller Silikon 6-18 Monate 2 Stück","Nuk","4008600371526","6.99","2 Stück","Baby & Kind","False","https://img.rewe-static.de/7927172/32639206_digital-image.png"
"Pelikan Deckfarbkasten K12 mit 12 Farben und 1 Tube Deckweiß","Pelikan","4012700720252","10.99","1 Stück","Baby & Kind","False","https://img.rewe-static.de/4935187/2982640_digital-image.png"
"Tipp-Ex Rapid Fluid 25ml","Tipp-Ex","3086126100272","3.19","25ml (1 l = 127,60 €)","Baby & Kind","False","https://img.rewe-static.de/4756231/22478149_digital-image.png"
"Vivess Partyrüssel 4 Stück","Vivess","4388860626469","1.99","4 Stück","Baby & Kind","False","https://img.rewe-static.de/8084388/37480052_digital-image.png"
"Vivess Spiralblock A7 karriert 4 Stück","Vivess","4015291007108","3.29","4 Stück","Baby & Kind","False","https://img.rewe-static.de/2854702/29386500_digital-image.png"
"Vivess Trennblätter A4 10 Stück","Vivess","4022755180291","2.99","10 Stück","Baby & Kind","False","https://img.rewe-static.de/2932858/32015077_digital-image.png"
"Anagram Folienballon Affe","NA","26635345736","9.99","1 Stück","Baby & Kind","False","https://img.rewe-static.de/8464176/43929871_digital-image.png"
"Mattel Kartenspiel Skip-Bo","NA","5011363523704","18.99","1 Stück","Baby & Kind","False","https://img.rewe-static.de/1966103/25608122_digital-image.png"
"Vivess Vokabelheft DIN A5 liniert 53 72 Blatt","Vivess","4015291006903","2.99","1 Stück","Baby & Kind","False","https://img.rewe-static.de/2854477/31072813_digital-image.png"
"ja! Dino & Friends Hähnchenbrustfilet 400g","ja!","4337256254229","2.99","400g (1 kg = 7,48 €)","Baby & Kind","False","https://img.rewe-static.de/8372201/30721489_digital-image.png"
"ja! Butterbrot Tüten 100 Stück","ja!","4337256298704","1.45","100 Stück","Baby & Kind","False","https://img.rewe-static.de/8633128/34047164_digital-image.png"
"ja! Mini-Windbeutel 250g","ja!","4337256281522","1.49","250g (1 kg = 5,96 €)","Baby & Kind","False","https://img.rewe-static.de/2146675/25921326_digital-image.png"
"ja! Kaisergemüse 1kg","ja!","4337256542432","2.39","1000g","Baby & Kind","False","https://img.rewe-static.de/2290204/24677317_digital-image.png"
"ja! Universalverschlüsse 10 Stück","ja!","4388860588682","1.49","10 Stück","Baby & Kind","False","https://img.rewe-static.de/8281200/29651064_digital-image.png"
"ja! Mini Berliner 300g","ja!","4337256640763","2.99","300g (1 kg = 9,97 €)","Baby & Kind","False","https://img.rewe-static.de/7682608/40132236_digital-image.png"
"ja! Hafergebäck 600g","ja!","4337256337601","3.99","600g (1 kg = 6,65 €)","Baby & Kind","False","https://img.rewe-static.de/7857273/34912174_digital-image.png"
"ja! Milky Sticks Vanille 8x42ml","ja!","4337256722131","1.49","8x336ml","Baby & Kind","False","https://img.rewe-static.de/9004553/41648596_digital-image.png"
"ja! Knisterspass Fruchteis 11x46ml","ja!","4337256706216","2.69","11x46ml (1 l = 5,32 €)","Baby & Kind","False","https://img.rewe-static.de/7643816/41648514_digital-image.png"
"ja! Muffins Schoko & Stracciatella 360g","ja!","4337256356343","1.99","360g (1 kg = 5,53 €)","Baby & Kind","False","https://img.rewe-static.de/8667375/34912190_digital-image.png"
"ja! Spaghetti Eis 3x167ml","ja!","4337256244527","1.79","3x170ml (1 l = 3,57 €)","Baby & Kind","False","https://img.rewe-static.de/2309834/23431803_digital-image.png"
"ja! Apfel Holunder Schorle 6x0,5l","ja!","4388840221516","2.34","6x0,50l (1 l = 0,78 €)","Baby & Kind","False","https://img.rewe-static.de/2394739/25911097_digital-image.png"
"ja! Party Servietten 40 Stück","ja!","4337256414395","1.29","40 Stück","Baby & Kind","False","https://img.rewe-static.de/8724436/36255666_digital-image.png"
"ja! Backfertiger Pizzateig mit Sauce 600g","ja!","4337256245890","1.99","600g (1 kg = 3,32 €)","Baby & Kind","False","https://img.rewe-static.de/2236174/23232277_digital-image.png"
"ja! Apfelschorle 6x1,5l","ja!","4388810058104","6.54","6x1,50l (1 l = 0,73 €)","Baby & Kind","False","https://img.rewe-static.de/0520330/3036790_digital-image.png"
"ja! Käse-Gebäckstangen 150g","ja!","4337256544993","1.59","150g (1 kg = 10,60 €)","Baby & Kind","False","https://img.rewe-static.de/2030321/24402542_digital-image.png"
"ja! Schokorosinen 200g","ja!","4337256317405","1.29","200g (1 kg = 6,45 €)","Baby & Kind","False","https://img.rewe-static.de/7091553/27215430_digital-image.png"
"ja! Eis am Stiel Mini Classic Mix 12x50ml","ja!","4388860077902","2.99","12x50ml (1 l = 4,98 €)","Baby & Kind","False","https://img.rewe-static.de/7122458/27269884_digital-image.png"
"ja! Salzstangen mit Meersalz 250g","ja!","4337256238083","0.69","250g (1 kg = 2,76 €)","Baby & Kind","False","https://img.rewe-static.de/6878636/24677566_digital-image.png"
"ja! Orangen-Limonade 6x1,5l","ja!","4388810058050","3.9","6x1,50l (1 l = 0,43 €)","Baby & Kind","False","https://img.rewe-static.de/0518913/7738200_digital-image.png"
"ja! Zitronen-Limonade 6x1,5l","ja!","4388810058067","3.9","6x1,50l (1 l = 0,43 €)","Baby & Kind","False","https://img.rewe-static.de/0518816/7756960_digital-image.png"
"ja! Teelichter 50 Stück","ja!","4337256390729","2.65","50 Stück","Baby & Kind","False","https://img.rewe-static.de/7834305/35485914_digital-image.png"
"ja! Mini-Cabanossi 250g","ja!","4337256534901","2.99","250g (1 kg = 11,96 €)","Baby & Kind","False","https://img.rewe-static.de/8267887/29278425_digital-image.png"
"ja! Nougat Hörnchen 240g","ja!","4337256104852","1.49","240g (1 kg = 6,21 €)","Baby & Kind","False","https://img.rewe-static.de/7959110/31916960_digital-image.png"
"ja! Dinkel Hörnchen 500g","ja!","4337256636353","1.29","500g (1 kg = 2,58 €)","Baby & Kind","False","https://img.rewe-static.de/7961361/32253812_digital-image.png"
"ja! Schaschlikspieße 20cm 125 Stück","ja!","4388860587852","1.49","125 Stück","Baby & Kind","False","https://img.rewe-static.de/8100477/29611870_digital-image.png"
"ja! Eis am Stiel Mini Fruit Mix 12x50ml","ja!","4337256109628","2.99","12x50ml (1 l = 4,98 €)","Baby & Kind","False","https://img.rewe-static.de/8475869/31966150_digital-image.png"
"ja! Knabberbox 300g","ja!","4337256173247","1.69","300g (1 kg = 5,63 €)","Baby & Kind","False","https://img.rewe-static.de/2737743/25121749_digital-image.png"
"Pufuletti Maisstangen mit Hirse glutenfrei 60 g","NA","4260073358200","0.99","60g (1 kg = 16,50 €)","Babybedarf","False","https://img.rewe-static.de/3213618/28438339_digital-image.png"
"Pampers Harmonie Aqua Feuchttücher 3x48 Stück","Pampers","8006540458525","5.29","3x48 Stück","Babybedarf","False","https://img.rewe-static.de/7837418/35395415_digital-image.png"
"Hipp Bio Combiotik Pre 600g","Hipp","4062300398894","14.95","600g (1 kg = 24,92 €)","Babybedarf","False","https://img.rewe-static.de/8653884/34680045_digital-image.png"
"Penaten Baby Puder 100g","Penaten","3574661727073","2.49","100g (1 kg = 24,90 €)","Babybedarf","False","https://img.rewe-static.de/8993896/41665884_digital-image.png"
"Duniwell Einmal-Baby-Waschlappen 40 Stück","Duniwell","7321011643721","2.29","40 Stück","Babybedarf","False","https://img.rewe-static.de/0357010/10198750_digital-image.png"
"Hipp Bio Pasta Bambini Gemüse-Lasagne 220g","Hipp","4062300265967","1.75","220g (1 kg = 7,95 €)","Babybedarf","False","https://img.rewe-static.de/2496038/10219470_digital-image.png"
"Babytime Feuchttücher sensitiv 2x80 Stück","Babytime","21337345","1.95","2x80 Stück","Babybedarf","False","https://img.rewe-static.de/8320041/29927825_digital-image.png"
"Hipp Bio Spaghetti Bolognese 190g","Hipp","4062300266247","1.65","190g (1 kg = 8,68 €)","Babybedarf","False","https://img.rewe-static.de/8074100/10219370_digital-image.png"
"Freche Freunde Bio Erdbeere Fruchtchips 12g","Freche Freunde","4260249140530","1.89","12g (1 kg = 157,50 €)","Babybedarf","False","https://img.rewe-static.de/2388398/24940090_digital-image.png"
"Hipp Hippis Bio Erdbeere Banane in Apfel 100g","Hipp","4062300278547","1.05","100g (1 kg = 10,50 €)","Babybedarf","False","https://img.rewe-static.de/3246436/26439972_digital-image.png"
"Hipp Hippis Anton Affe Bio Apfel-Birne-Banane 100g","Hipp","4062300278530","1.05","100g (1 kg = 10,50 €)","Babybedarf","False","https://img.rewe-static.de/3246427/26439969_digital-image.png"
"Hipp Gute Nacht Bio Grießbrei pur ohne Zuckerzusatz 190g","Hipp","4062300123175","1.59","190g (1 kg = 8,37 €)","Babybedarf","False","https://img.rewe-static.de/0590834/10220150_digital-image.png"
"Hipp Bio Frühstücks Porridge Mango-Banane-Haferbrei 160g","Hipp","4062300409064","1.19","160g (1 kg = 7,44 €)","Babybedarf","False","https://img.rewe-static.de/8556498/33206699_digital-image.png"
"Hipp 100% Bio Direktsaft Multifrucht mit Karotte nach dem 4. Monat 330g","Hipp","4062300345287","1.55","330g (1 l = 4,70 €)","Babybedarf","False","https://img.rewe-static.de/8086693/29370019_digital-image.png"
"Hipp Bio-Rindfleisch Zubereitung 125g","Hipp","4062300266346","1.75","125g (1 kg = 14 €)","Babybedarf","False","https://img.rewe-static.de/0248053/10218430_digital-image.png"
"Hipp Bio Spaghetti Bolognese 1-3 Jahre 250g","Hipp","4062300255050","2.15","250g (1 kg = 8,60 €)","Babybedarf","False","https://img.rewe-static.de/1118421/20475059_digital-image.png"
"Penaten Natursanft Pflegelotion 400ml","Penaten","3574661691619","5.99","400ml (1 l = 14,98 €)","Babybedarf","False","https://img.rewe-static.de/8819956/37721814_digital-image.png"
"Pampers Baby-Dry Windeln Pants Gr.6 14-19kg 20 Stück","Pampers","8700216241403","8.49","20 Stück","Babybedarf","False","https://img.rewe-static.de/8688097/40256478_digital-image.png"
"Bebivita Bio Fenchel mit Apfel in stillem Mineralwasser 0,5l","Bebivita","4018852032779","1.35","500ml (1 l = 2,70 €)","Babybedarf","False","https://img.rewe-static.de/8658037/35450304_digital-image.png"
"Bübchen Shampoo & Spülung Prinzessin Rosalea 230ml","Bübchen","4065331001160","1.79","230ml (1 l = 7,78 €)","Babybedarf","False","https://img.rewe-static.de/8724100/34779899_digital-image.png"
"Bebivita Kinder-Spaß Apfel-Pfirsich-Mango 4x90g","Bebivita","4018852017332","2.65","4x90g (1 kg = 7,36 €)","Babybedarf","False","https://img.rewe-static.de/1238771/20573092_digital-image.png"
"Hipp Bio Früh-Karotten 125g","Hipp","4062300020719","0.95","125g (1 kg = 7,60 €)","Babybedarf","False","https://img.rewe-static.de/6902928/2862730_digital-image.png"
"Alete Mahlzeit zum Trinken Keks 2x200ml","Alete","4251099845126","1.99","2x200ml (1 l = 4,98 €)","Babybedarf","False","https://img.rewe-static.de/0439753/35319587_digital-image.png"
"Bebivita 100% Saft Milder Apfel 0,5l","Bebivita","4018852032755","1.35","500ml (1 l = 2,70 €)","Babybedarf","False","https://img.rewe-static.de/7859334/38270346_digital-image.png"
"Penaten Pflegecreme Gesicht & Körper 100ml","Penaten","3574661606026","2.99","100ml (1 l = 29,90 €)","Babybedarf","False","https://img.rewe-static.de/7910311/33124791_digital-image.png"
"Hipp Hippis Thilo Tiger Bio Waldbeeren in Apfel-Pfirsich 100g","Hipp","4062300278554","1.05","100g (1 kg = 10,50 €)","Babybedarf","False","https://img.rewe-static.de/3246502/26439975_digital-image.png"
"Bebivita Bio Apfel Mango Vollkorn 250g","Bebivita","4018852029236","1.15","250g (1 kg = 4,60 €)","Babybedarf","False","https://img.rewe-static.de/7994504/31712220_digital-image.png"
"Hipp Bio Spaghetti Bolognese ab 12. Monat 250g","Hipp","4062300262515","1.85","250g (1 kg = 7,40 €)","Babybedarf","False","https://img.rewe-static.de/8064890/3729960_digital-image.png"
"Hipp Kürbis mit Kartoffeln & Bio-Rind 190g","Hipp","4062300261532","1.65","190g (1 kg = 8,68 €)","Babybedarf","False","https://img.rewe-static.de/0972169/10219240_digital-image.png"
"Bebivita Spaghetti Bolognese 250g","Bebivita","4018852014928","1.35","250g (1 kg = 5,40 €)","Babybedarf","False","https://img.rewe-static.de/1369176/20095080_digital-image.png"
"Hipp Bio Banane & Pfirsich in Apfel 190g","Hipp","4062300297081","1.45","190g (1 kg = 7,63 €)","Babybedarf","False","https://img.rewe-static.de/3601005/6762150_digital-image.png"
"REWE Bio Quetschie Apfel-Pfirsich-Mango 90g","REWE Bio","4337256713221","0.59","90g (1 kg = 6,56 €)","Babybedarf","False","https://img.rewe-static.de/7997796/32853634_digital-image.png"
"Bebivita Bio Schinkennudeln mit Gemüse 220g","Bebivita","4018852030157","1.15","220g (1 kg = 5,23 €)","Babybedarf","False","https://img.rewe-static.de/8730115/36084924_digital-image.png"
"Bebivita Bio Spaghetti Bolognese 190g","Bebivita","4018852030003","0.95","190g (1 kg = 5 €)","Babybedarf","False","https://img.rewe-static.de/8657129/34768517_digital-image.png"
"Hipp Bio-Apfel 125g","Hipp","4062300297036","0.99","125g (1 kg = 7,92 €)","Babybedarf","False","https://img.rewe-static.de/2133288/10217270_digital-image.png"
"Hipp Müesli-Freund Bio Butterkeks in Apfel-Vanille 20g","Hipp","4062300362239","0.65","20g (1 kg = 32,50 €)","Babybedarf","False","https://img.rewe-static.de/7125253/27231771_digital-image.png"
"Penaten Bad + Shampoo 400ml","Penaten","3574661474939","3.99","400ml (1 l = 9,98 €)","Babybedarf","False","https://img.rewe-static.de/0937927/10207080_digital-image.png"
"Hipp Pasta Bambini Bio Tagliatelle in Spinat-Käsesauce 250g","Hipp","4062300253735","1.85","250g (1 kg = 7,40 €)","Babybedarf","False","https://img.rewe-static.de/3613313/10219090_digital-image.png"
"Hipp Babysanft Feuchttücher Ultra Sensitiv 5x48 Stück","Hipp","4062300445543","4.99","5x48 Stück","Babybedarf","False","https://img.rewe-static.de/7663809/41590999_digital-image.png"
"Pampers Baby-Dry Pants Gr.8 19+kg 15 Stück","Pampers","8700216241359","8.49","15 Stück","Babybedarf","False","https://img.rewe-static.de/8690199/38052942_digital-image.png"
"REWE Bio Fruchtpüree Apfel Banane 400g","REWE Bio","4337256735827","1.99","400g (1 kg = 4,98 €)","Babybedarf","False","https://img.rewe-static.de/9011626/42307403_digital-image.png"
"Bebivita Bio Gemüse und Hühnchen mit Nudeln 250g","Bebivita","4018852030492","1.25","250g (1 kg = 5 €)","Babybedarf","False","https://img.rewe-static.de/8558909/32838873_digital-image.png"
"Babytime Reinigungstücher Gesicht & Hände 25 Stück","Babytime","21345890","0.99","25 Stück","Babybedarf","False","https://img.rewe-static.de/8320743/30523992_digital-image.png"
"Hipp Hippis Bio Pfirsich-Banane-Mango mit Joghurt 100g","Hipp","4062300432123","1.05","100g (1 kg = 10,50 €)","Babybedarf","False","https://img.rewe-static.de/8889781/38273651_digital-image.png"
"Bebivita Anfangsmilch Pre 500g","Bebivita","4018852031796","6.45","500g (1 kg = 12,90 €)","Babybedarf","False","https://img.rewe-static.de/8048931/30843822_digital-image.png"
"Tetesept Kinder Badespaß Schaumbad Mein Einhorn 40ml","tetesept:","4008491126878","0.99","40ml (1 l = 24,75 €)","Babybedarf","False","https://img.rewe-static.de/7208194/27890481_digital-image.png"
"Kaufmanns Haut- & Kinder-Creme 75ml","Kaufmanns","4011448001104","2.49","75ml (1 l = 33,20 €)","Babybedarf","False","https://img.rewe-static.de/7831277/2986720_digital-image.png"
"Bebivita Mini-Makkaroni mit buntem Rahmgemüse 250g","Bebivita","4018852014959","1.35","250g (1 kg = 5,40 €)","Babybedarf","False","https://img.rewe-static.de/1369177/22444457_digital-image.png"
"Freche Freunde Bio Quetschie Apfel, Pfirsich & Erdbeere 100g","Freche Freunde","4262367681759","0.95","100g (1 kg = 9,50 €)","Babybedarf","False","https://img.rewe-static.de/9059275/44116541_digital-image.png"
"Babytime Windeln Gr.6 XL 13-18kg 32 Stück","Babytime","22068958","5.55","32 Stück","Babybedarf","False","https://img.rewe-static.de/8323737/30734638_digital-image.png"
"Hipp Hippis Charlie Zebra Bio Kiwi in Birne-Banane 100g","Hipp","4062300278578","1.05","100g (1 kg = 10,50 €)","Babybedarf","False","https://img.rewe-static.de/3246504/26439998_digital-image.png"
"Bebivita Bio Früchtebrei Pfirsich mit Maracuja in Apfel 250g","Bebivita","4018852029083","1.15","250g (1 kg = 4,60 €)","Babybedarf","False","https://img.rewe-static.de/7971723/33973120_digital-image.png"
"Hipp Bio Pfirsich mit Apfel 250g","Hipp","4062300297104","1.55","250g (1 kg = 6,20 €)","Babybedarf","False","https://img.rewe-static.de/2714973/2809030_digital-image.png"
"Hipp Bio Äpfel mit Bananen 190g","Hipp","4062300379381","1.45","190g (1 kg = 7,63 €)","Babybedarf","False","https://img.rewe-static.de/0245453/2836420_digital-image.png"
"Babytime Feuchttücher sensitiv 30 Stück","Babytime","21340437","0.75","NA","Babybedarf","False","https://img.rewe-static.de/8319259/29932866_digital-image.png"
"Nuk Magic Cup mit Trinkrand und Deckel 230ml","Nuk","4008600307914","9.99","NA","Babybedarf","False","https://img.rewe-static.de/8260747/29126866_digital-image.png"
"REWE Bio Quetschie Apfel-Erdbeer-Heidelbeere 90g","REWE Bio","4337256732840","0.59","90g","Babybedarf","False","https://img.rewe-static.de/9011138/42309276_digital-image.png"
"Bebivita Folgemilch 2 500g","Bebivita","4018852021063","6.25","500g (1 kg = 12,50 €)","Babybedarf","False","https://img.rewe-static.de/8354233/31331716_digital-image.png"
"REWE Bio Quetschie Apfel-Banane-Kirsche 90g","REWE Bio","4337256732284","0.59","90g","Babybedarf","False","https://img.rewe-static.de/9011827/42309167_digital-image.png"
"Hipp Bio Püree Erdbeere Himbeere in Apfel 160g","Hipp","4062300441576","1.55","160g (1 kg = 9,69 €)","Babybedarf","False","https://img.rewe-static.de/7692479/39281627_digital-image.png"
"Erdbär Freche Freunde Bio Apfel, Mango & Pfirsich 100g","Freche Freunde","4260249140035","0.95","100g (1 kg = 9,50 €)","Babybedarf","False","https://img.rewe-static.de/2388331/25449384_digital-image.png"
"Pampers Baby-Dry Pants Gr.7 17+kg 18 Stück","Pampers","8700216241373","8.49","18 Stück","Babybedarf","False","https://img.rewe-static.de/7838798/40429397_digital-image.png"
"Hipp Bio Zauberriegel Traube-Banane 30g","Hipp","4062300362284","0.79","30g (1 kg = 26,33 €)","Babybedarf","False","https://img.rewe-static.de/8087796/33972992_digital-image.png"
"Hipp Früchte Freund Zebra Bio Himbeer in Banane-Apfel 23g","Hipp","4062300446069","0.65","23g (1 kg = 28,26 €)","Babybedarf","False","https://img.rewe-static.de/3248055/26389014_digital-image.png"
"Bebivita Anfangsmilch 1 500g","Bebivita","4062300437159","5.95","500g (1 kg = 11,90 €)","Babybedarf","False","https://img.rewe-static.de/8049032/30843692_digital-image.png"
"Hipp Bio Kürbis mit Kartoffeln 190g","Hipp","4062300129443","1.25","190g (1 kg = 6,58 €)","Babybedarf","False","https://img.rewe-static.de/0590524/10215500_digital-image.png"
"Bebivita Beiss Mich! Apfel-Banane Bio 25g","Bebivita","4018852029175","0.55","25g (1 kg = 22 €)","Babybedarf","False","https://img.rewe-static.de/8230199/30807053_digital-image.png"
"Bübchen Shampoo & Duschgel Sportsfreund 230ml","Bübchen","4065331001207","1.79","230ml (1 l = 7,78 €)","Babybedarf","False","https://img.rewe-static.de/8668498/34468936_digital-image.png"
"Bebivita Bio Apfel Erdbeere Himbeere 250g","Bebivita","4018852028949","1.15","250g (1 kg = 4,60 €)","Babybedarf","False","https://img.rewe-static.de/8476135/31712231_digital-image.png"
"Bebivita Pfirsich in Apfel nach dem 4. Monat 4x90g","Bebivita","4018852018391","2.65","4x90g (1 kg = 7,36 €)","Babybedarf","False","https://img.rewe-static.de/2765638/31501037_digital-image.png"
"Bebivita Kinder-Spaß Vollkorn in Apfel-Banane 4x90g","Bebivita","4018852017240","2.65","4x90g (1 kg = 7,36 €)","Babybedarf","False","https://img.rewe-static.de/1916634/21271634_digital-image.png"
"Hipp Bio Früh-Karotten mit Kartoffeln 190g","Hipp","4062300021112","1.25","190g (1 kg = 6,58 €)","Babybedarf","False","https://img.rewe-static.de/7917244/7446750_digital-image.png"
"Babytime Feuchttücher classic 2x80 Stück","Babytime","21345401","1.95","160 Stück","Babybedarf","False","https://img.rewe-static.de/8069863/29927989_digital-image.png"
"Bübchen Shampoo & Duschgel Pikachu 230ml","Bübchen","4065331002792","1.79","230ml (1 l = 7,78 €)","Babybedarf","False","https://img.rewe-static.de/8796363/37347292_digital-image.png"
"Bebivita Kinder-Spaß Erdbeere in Apfel-Birne 4x90g","Bebivita","4018852028505","2.65","4x90g (1 kg = 7,36 €)","Babybedarf","False","https://img.rewe-static.de/2383297/24847723_digital-image.png"
"Babytime Feuchttücher 99% Wasser 2x80 Stück","Babytime","21342912","3.7","2x80 Stück","Babybedarf","False","https://img.rewe-static.de/8363886/30324835_digital-image.png"
"HiPP Bio Knabber-Sternchen mit Apfel, Orange und Johannisbeere 30g, 1-3 Jahre","Hipp","4062300399518","1.15","30g (1 kg = 38,33 €)","Babybedarf","False","https://img.rewe-static.de/8088978/29456924_digital-image.png"
"Erdbär Freche Freunde Apfel, Bio Birne, Karotte & Kürbis 100g","Freche Freunde","4260249140028","0.95","100g (1 kg = 9,50 €)","Babybedarf","False","https://img.rewe-static.de/2388345/25220824_digital-image.png"
"Erdbär Freche Freunde Bio Apfel, Banane, Spinat 100g","Freche Freunde","4260249142343","0.95","100g (1 kg = 9,50 €)","Babybedarf","False","https://img.rewe-static.de/3135792/26065658_digital-image.png"
"Hipp Paella mit Bio-Hühnchen & Gemüse 250g","Hipp","4062300377455","2.15","250g (1 kg = 8,60 €)","Babybedarf","False","https://img.rewe-static.de/1916624/20961299_digital-image.png"
"Hipp Gute Nacht-Brei Bio 7-Korn Ohne Zuckerzusatz 190g","Hipp","4062300265813","1.59","190g (1 kg = 8,37 €)","Babybedarf","False","https://img.rewe-static.de/2147844/26310181_digital-image.png"
"Bübchen 3 in 1 Shampoo & Duschgel + Spülung Meereszauber 230ml","Bübchen","4065331001085","1.79","230ml (1 l = 7,78 €)","Babybedarf","False","https://img.rewe-static.de/8668294/34468934_digital-image.png"
"Vilsa Babywasser 1l","Vilsa","4104450000521","0.89","1l","Babybedarf","False","https://img.rewe-static.de/9218320/46045506_digital-image.png"
"Bebivita Bio Abendbrei Grieß-Vanille 190g","Bebivita","4018852033295","0.95","190g (1 kg = 5 €)","Babybedarf","False","https://img.rewe-static.de/7959153/32468593_digital-image.png"
"Freche Freunde Bio Quetschie Apfel, Blaubeere mit Karotte 100g","Freche Freunde","4262367681247","0.95","100g (1 kg = 9,50 €)","Babybedarf","False","https://img.rewe-static.de/7602566/44115884_digital-image.png"
"Hipp Bio Gute Nacht ohne Zuckerzusatz 3-Korn Flocken","Hipp","4062300321366","1.59","190g (1 kg = 8,37 €)","Babybedarf","False","https://img.rewe-static.de/7244589/32049690_digital-image.png"
"Bebivita Bio Reis mit Karotten und Pute 190g","Bebivita","4018852029984","0.95","190g (1 kg = 5 €)","Babybedarf","False","https://img.rewe-static.de/8657528/34768519_digital-image.png"
"Hipp Bio Schinkennudeln mit Tomaten & Karotten 190g","Hipp","4062300024816","1.65","190g (1 kg = 8,68 €)","Babybedarf","False","https://img.rewe-static.de/3777588/10219330_digital-image.png"
"Hipp Gemüserisotto mit zarter Bio-Pute 250g","Hipp","4062300036710","1.85","250g (1 kg = 7,40 €)","Babybedarf","False","https://img.rewe-static.de/0247979/6969230_digital-image.png"
"Bübchen Kinder Shampoo Sensitiv 400ml","Bübchen","4065331000064","2.99","400ml (1 l = 7,48 €)","Babybedarf","False","https://img.rewe-static.de/2227357/22803956_digital-image.png"
"Hipp Bio Williams-Christ-Birnen 250g","Hipp","4062300290136","1.55","250g (1 kg = 6,20 €)","Babybedarf","False","https://img.rewe-static.de/8524181/2438490_digital-image.png"
"REWE Bio Apfel Birne Erdbeere 90g","REWE Bio","4337256714006","0.59","90g (1 kg = 6,56 €)","Babybedarf","False","https://img.rewe-static.de/8441023/32853792_digital-image.png"
"Pampers Sensitive Feuchttücher 5x52 Stück","Pampers","8001841062792","5.29","5x52 Stück","Babybedarf","False","https://img.rewe-static.de/8288905/29169027_digital-image.png"
"Freche Freunde Knusper-Herzchen Bio Banane & Erdbeere 30g","Freche Freunde","4260618523094","1.19","30g (1 kg = 39,67 €)","Babybedarf","False","https://img.rewe-static.de/8000334/31210461_digital-image.png"
"Hipp Bio Williams-Christ-Birnen 190g","Hipp","4062300290082","1.45","190g (1 kg = 7,63 €)","Babybedarf","False","https://img.rewe-static.de/1127713/6649010_digital-image.png"
"Hipp Frucht & Getreide Bio Birne in Apfel mit Dinkel 190g","Hipp","4062300269842","1.45","190g (1 kg = 7,63 €)","Babybedarf","False","https://img.rewe-static.de/0464012/39895528_digital-image.png"
"Hipp Bio Pfirsich mit Apfel 190g","Hipp","4062300297067","1.45","190g (1 kg = 7,63 €)","Babybedarf","False","https://img.rewe-static.de/3601030/2580910_digital-image.png"
"Pampers Premium Protection Windeln Gr.2 4-8kg 34 Stück","Pampers","8700216207614","8.49","34 Stück","Babybedarf","False","https://img.rewe-static.de/7588075/43331266_digital-image.png"
"Pampers Premium Protection Windeln Gr.1 2-5kg 24 Stück","Pampers","8700216207645","4.95","24 Stück","Babybedarf","False","https://img.rewe-static.de/8744550/40364244_digital-image.png"
"Freche Freunde Bio Knusper-Sticks Dreierlei Gemüse 30g","Freche Freunde","4260618524213","1.19","30g","Babybedarf","False","https://img.rewe-static.de/8514859/38310471_digital-image.png"
"Bübchen Baby Öl sensitiv 200ml","Bübchen","4065331000019","2.59","200ml (1 l = 12,95 €)","Babybedarf","False","https://img.rewe-static.de/7295954/39641266_digital-image.png"
"Bübchen Traumbad 500ml","Bübchen","4065331001542","3.59","500ml (1 l = 7,18 €)","Babybedarf","False","https://img.rewe-static.de/8631216/34164957_digital-image.png"
"Hipp Bio Menü Spätzle mit Gulasch ab 8. Monat 220g","Hipp","4062300463103","1.75","220g","Babybedarf","False","https://img.rewe-static.de/9949557/45341949_digital-image.png"
"Penaten Creme 50ml","Penaten","3574661783178","2.49","50ml (1 l = 49,80 €)","Babybedarf","False","https://img.rewe-static.de/0937941/20201219_digital-image.png"
"Hipp Trink-Spaß Bio-Apfelsaft mit stillem Wasser 1-3 Jahre 200ml","Hipp","4062300236424","0.85","200ml (1 l = 4,25 €)","Babybedarf","False","https://img.rewe-static.de/2385336/23711375_digital-image.png"
"REWE Bio Fruchtpüree Apfel Pfirsich Mango 400g","REWE Bio","4337256720779","1.99","400g (1 kg = 4,98 €)","Babybedarf","False","https://img.rewe-static.de/9015066/42307397_digital-image.png"
"Hipp Bio Frucht & Getreide Feiner Obstbrei 190g","Hipp","4062300406483","1.45","190g (1 kg = 7,63 €)","Babybedarf","False","https://img.rewe-static.de/4720539/6916980_digital-image.png"
"Freche Freunde Bio Banane, Apfel, Erdbeere & Himbeere 100g","Freche Freunde","4260618528600","0.95","100g (1 kg = 9,50 €)","Babybedarf","False","https://img.rewe-static.de/7791241/43999882_digital-image.png"
"Hipp Bio Frucht & Getreide Apfel-Banane mit Babykeks 190g","Hipp","4062300269804","1.45","190g (1 kg = 7,63 €)","Babybedarf","False","https://img.rewe-static.de/0800333/6842750_digital-image.png"
"Freche Freunde Bio Quetschie Banane Erdbeere mit Hafer & Quinoa 100g","Freche Freunde","4262367681582","0.95","100g (1 kg = 9,50 €)","Babybedarf","False","https://img.rewe-static.de/7542290/43817729_digital-image.png"
"Hipp Guten Morgen Bio Erdbeere in Apfel-Joghurt-Müsli 160g","Hipp","4062300262652","1.19","160g (1 kg = 7,44 €)","Babybedarf","False","https://img.rewe-static.de/5346622/7445000_digital-image.png"
"Erdbär Freche Freunde Bio Joghurtmus Erdbeer & Himbeer 100g","Freche Freunde","4262367681629","0.95","100g (1 kg = 9,50 €)","Babybedarf","False","https://img.rewe-static.de/2388378/44352846_digital-image.png"
"Hipp Buttergemüse-Süßkartoffel Bio-Hühnchen 250g","Hipp","4062300198838","1.85","250g (1 kg = 7,40 €)","Babybedarf","False","https://img.rewe-static.de/1423715/23034025_digital-image.png"
"Hipp Guten Morgen Bio Früchte-Joghurt-Müsli 160g","Hipp","4062300262683","1.19","160g (1 kg = 7,44 €)","Babybedarf","False","https://img.rewe-static.de/5346665/10220330_digital-image.png"
"Hipp Bio Pasta Bambini Rigatoni Napoli 250g","Hipp","4062300462229","1.85","250g (1 kg = 7,40 €)","Babybedarf","False","https://img.rewe-static.de/3613224/8128600_digital-image.png"
"Hipp Gemüsereis mit Bio-Hühnchen 190g","Hipp","4062300025318","1.65","190g (1 kg = 8,68 €)","Babybedarf","False","https://img.rewe-static.de/0245372/7444800_digital-image.png"
"Hipp Bio Gemüseallerlei 190g","Hipp","4062300020313","1.25","190g (1 kg = 6,58 €)","Babybedarf","False","https://img.rewe-static.de/0244872/1033670_digital-image.png"
"Hipp Früchte-Duett Bio Joghurt auf Früchten 160g","Hipp","4062300379473","1.15","160g (1 kg = 7,19 €)","Babybedarf","False","https://img.rewe-static.de/0269983/7444200_digital-image.png"
"Hipp Bio Spaghetti Bolognese 220g","Hipp","4062300266087","1.75","220g (1 kg = 7,95 €)","Babybedarf","False","https://img.rewe-static.de/8074089/10219830_digital-image.png"
"Hipp Bio Makkaroni Erbsen Gemüse vegan 220g","Hipp","4062300456020","1.79","220g (1 kg = 8,14 €)","Babybedarf","False","https://img.rewe-static.de/8917327/42805125_digital-image.png"
"Hipp Mais mit Kartoffelpüree & Bio-Pute 190g","Hipp","4062300266230","1.65","190g (1 kg = 8,68 €)","Babybedarf","False","https://img.rewe-static.de/3777570/6617820_digital-image.png"
"Freche Freunde Bio Quetschie Apfel, Birne mit Zimt, Reis & Dinkel 100g","Freche Freunde","4262367681360","0.95","100g (1 kg = 9,50 €)","Babybedarf","False","https://img.rewe-static.de/9055989/44120103_digital-image.png"
"Babywell Windeln Gr.5 11-16kg 36 Stück","NA","9009695002055","5.55","36 Stück","Babybedarf","False","https://img.rewe-static.de/9955287/46937019_digital-image.png"
"Aptamil Pronutra Pre Anfangsmilch 800g","Aptamil","4056631001202","18.99","800g (1 kg = 23,74 €)","Babybedarf","False","https://img.rewe-static.de/8233092/28654322_digital-image.png"
"Freche Freunde Bio Quetschie Banane Apfel Himbeere Blaubeere mit Hafer 100g","Freche Freunde","4262367681605","0.95","100g (1 kg = 9,50 €)","Babybedarf","False","https://img.rewe-static.de/7601386/44119081_digital-image.png"
"Bebivita Bio Zwieback in Apfel-Banane 250g","Bebivita","4018852036487","1.15","250g (1 kg = 4,60 €)","Babybedarf","False","https://img.rewe-static.de/8441998/31712229_digital-image.png"
"Hipp Bio Karotten mit Reis & Wildlachs 220g","Hipp","4062300208254","1.75","220g (1 kg = 7,95 €)","Babybedarf","False","https://img.rewe-static.de/1916606/20961160_digital-image.png"
"Milupa Milumil Pre 800g","Milupa","4008976032892","11.29","800g (1 kg = 14,11 €)","Babybedarf","False","https://img.rewe-static.de/1405876/22706612_digital-image.png"
"Pampers Baby-Dry Windeln Gr.8 17+kg 18 Stück","Pampers","8700216227452","8.49","18 Stück","Babybedarf","False","https://img.rewe-static.de/7838079/35021214_digital-image.png"
"Hipp Bio Apfel-Banane & Babykeks 4x90g","Hipp","4062300289437","3.69","4x90g (1 kg = 10,25 €)","Babybedarf","False","https://img.rewe-static.de/2559762/26388778_digital-image.png"
"Pampers Baby-Dry Windeln Gr.6 13-18kg 22 Stück","Pampers","8700216227353","8.49","22 Stück","Babybedarf","False","https://img.rewe-static.de/7838677/35509516_digital-image.png"
"Babywell Windeln Gr.4 9-14kg 42 Stück","NA","9009695002031","5.55","42 Stück","Babybedarf","False","https://img.rewe-static.de/9955181/46936776_digital-image.png"
"Bebivita Bio Abendbrei Keks Banane 190g","Bebivita","4018852029359","0.95","190g (1 kg = 5 €)","Babybedarf","False","https://img.rewe-static.de/7935150/32352237_digital-image.png"
"Hipp Bio Milder Apfel Fenchel 0,5l","Hipp","4062300395541","1.19","500ml (1 l = 2,38 €)","Babybedarf","False","https://img.rewe-static.de/8511840/32049368_digital-image.png"
"Weleda Baby Waschlotion & Shampoo Calendula 200ml","Weleda","4001638523127","6.99","200ml (1 l = 34,95 €)","Babybedarf","False","https://img.rewe-static.de/1911709/20961389_digital-image.png"
"Weleda Baby Wundschutzcreme Calendula 75ml","Weleda","4001638523165","5.79","75ml (1 l = 77,20 €)","Babybedarf","False","https://img.rewe-static.de/2007508/21438409_digital-image.png"
"Bebivita Bio Gemüse-Reis mit Rindfleisch 250g","Bebivita","4018852030522","1.25","250g (1 kg = 5 €)","Babybedarf","False","https://img.rewe-static.de/7922512/33375656_digital-image.png"
"Bebivita Bio Frühkarotten mit Kartoffeln 190g","Bebivita","4018852029892","0.75","190g (1 kg = 3,95 €)","Babybedarf","False","https://img.rewe-static.de/5944570/7448220_digital-image.png"
"Bebivita Folgemilch 3 500g","Bebivita","4018852021117","6.25","500g (1 kg = 12,50 €)","Babybedarf","False","https://img.rewe-static.de/8353234/30842663_digital-image.png"
"Penaten Intensiv Pflegeöl Aloe Vera 200ml","Penaten","3574661816005","3.45","200ml (1 l = 17,25 €)","Babybedarf","False","https://img.rewe-static.de/0937947/8129700_digital-image.png"
"Hipp Bio Milde Birne 0,5l","Hipp","4062300395602","1.19","500ml (1 l = 2,38 €)","Babybedarf","False","https://img.rewe-static.de/8512500/32049722_digital-image.png"
"Hipp Frucht & Getreide Bio Apfel-Bananen-Müsli 190g","Hipp","4062300406490","1.45","190g (1 kg = 7,63 €)","Babybedarf","False","https://img.rewe-static.de/7981660/6831230_digital-image.png"
"Bebivita Abendbrei Griess-Banane-Apfel Bio 190g","Bebivita","4018852029342","0.95","190g (1 kg = 5 €)","Babybedarf","False","https://img.rewe-static.de/8501057/33973097_digital-image.png"
"Bebivita Bio Couscous-Gemüse mit Süßkartoffel 250g","Bebivita","4018852030508","1.25","250g (1 kg = 5 €)","Babybedarf","False","https://img.rewe-static.de/8590210/38273799_digital-image.png"
"Hipp 100% Bio Direktsaft Milder Apfel nach dem 4. Monat 330g","Hipp","4062300345317","1.55","330g (1 l = 4,70 €)","Babybedarf","False","https://img.rewe-static.de/8290494/29368755_digital-image.png"
"Pampers Baby-Dry Windeln Pants Gr.5 12-17kg 24 Stück","Pampers","8700216241434","8.49","24 Stück","Babybedarf","False","https://img.rewe-static.de/7839196/40361398_digital-image.png"
"Babywell Windeln Pants Gr.5 12-17kg 20 Stück","NA","9009695002079","4.45","20 Stück","Babybedarf","False","https://img.rewe-static.de/9955919/46936957_digital-image.png"
"Nestlé BEBA Pre Anfangsmilch von Geburt an 800g","Nestlé","7613038463582","19.95","800g (1 kg = 24,94 €)","Babybedarf","False","https://img.rewe-static.de/8424716/30876962_digital-image.png"
"Bebivita Bio Frühstücks-Müsli Apfel Pfirsich 160g","Bebivita","4018852029519","1.05","160g (1 kg = 6,56 €)","Babybedarf","False","https://img.rewe-static.de/8503933/32352416_digital-image.png"
"Bebivita Feine Früchte Birne in Apfel 4x100g","Bebivita","4018852008521","1.55","4x100g (1 kg = 3,88 €)","Babybedarf","False","https://img.rewe-static.de/4185234/7447210_digital-image.png"
"Bebivita Bio Frucht und Quark Apfel Banane 190g","Bebivita","4018852034056","1.05","190g (1 kg = 5,53 €)","Babybedarf","False","https://img.rewe-static.de/8500145/42714168_digital-image.png"
"Bebivita Bio Schinkennudeln in Tomatensauce 250g","Bebivita","4018852030485","1.25","250g (1 kg = 5 €)","Babybedarf","False","https://img.rewe-static.de/8557708/32838871_digital-image.png"
"Hipp Bio Kindergrieß 450g","Hipp","4062300392274","4.85","450g (1 kg = 10,78 €)","Babybedarf","False","https://img.rewe-static.de/8708900/38273017_digital-image.png"
"Hipp Bio-Schinkennudeln mit Gemüse 220g","Hipp","4062300266179","1.75","220g (1 kg = 7,95 €)","Babybedarf","False","https://img.rewe-static.de/0247901/6969240_digital-image.png"
"Bübchen Spezial Wundschutz Creme sensitiv 75ml","Bübchen","4065331000743","1.99","75ml (1 l = 26,53 €)","Babybedarf","False","https://img.rewe-static.de/8672133/39641323_digital-image.png"
"Cosmea Pelzy Protect Vlieswindeln 30 Stück","Cosmea","4000576523664","3.79","30 Stück","Babybedarf","False","https://img.rewe-static.de/6452051/27889853_digital-image.png"
"Hipp Bio Blaubeere in Apfel-Joghurt-Müsli 160g","Hipp","4062300379657","1.19","160g (1 kg = 7,44 €)","Babybedarf","False","https://img.rewe-static.de/3246570/26389011_digital-image.png"
"Hipp Karotten mit Mais & Bio-Kalb 190g","Hipp","4062300260795","1.65","190g (1 kg = 8,68 €)","Babybedarf","False","https://img.rewe-static.de/0972371/10219430_digital-image.png"
"Hipp Bio Mango-Banane in Apfel 190g","Hipp","4062300293779","1.45","190g (1 kg = 7,63 €)","Babybedarf","False","https://img.rewe-static.de/2147751/23714440_digital-image.png"
"Hipp Bio Hafer Smoothie Apfel Banane Erdbeere vegan 120ml","Hipp","4062300437074","1.29","120ml (1 l = 10,75 €)","Babybedarf","False","https://img.rewe-static.de/7692133/38685514_digital-image.png"
"Freche Freunde Bio Quetschie Apfel Sauerkirsche mit Süßkartoffel 100g","Freche Freunde","4262367681346","0.95","100g (1 kg = 9,50 €)","Babybedarf","False","https://img.rewe-static.de/7603284/43978914_digital-image.png"
"Hipp Gemüseallerlei mit Bio-Rind 250g","Hipp","4062300261303","1.85","250g (1 kg = 7,40 €)","Babybedarf","False","https://img.rewe-static.de/0248010/10219360_digital-image.png"
"Bebivita Bio Gemüse-Reis mit zarter Pute 220g","Bebivita","4018852030171","1.15","220g (1 kg = 5,23 €)","Babybedarf","False","https://img.rewe-static.de/8556102/33375792_digital-image.png"
"Bübchen Shampoo & Duschgel Popcorn Monster 230ml","Bübchen","4065331004291","1.79","230ml (1 l = 7,78 €)","Babybedarf","False","https://img.rewe-static.de/7590236/44243315_digital-image.png"
"Freche Freunde Bio Quetschie Pfirsich, Apfel, Banane mit Hafer 100g","Freche Freunde","4262367681261","0.95","100g (1 kg = 9,50 €)","Babybedarf","False","https://img.rewe-static.de/9053083/44166100_digital-image.png"
"Hipp Bio Rote Apfel in Traube 0,5l","Hipp","4062300393639","1.19","500ml (1 l = 2,38 €)","Babybedarf","False","https://img.rewe-static.de/7973197/32049278_digital-image.png"
"Hipp Bio Kaiserschmarrn in Apfelmus 200g","Hipp","4062300258655","1.35","200g (1 kg = 6,75 €)","Babybedarf","False","https://img.rewe-static.de/9699732/27170369_digital-image.png"
"Penaten Seife 90g","Penaten","3574661643014","1.19","90g (1 kg = 13,22 €)","Babybedarf","False","https://img.rewe-static.de/7859055/35802597_digital-image.png"
"Aptamil Kindermilch ab 1 Jahr 800g","Aptamil","4056631003770","14.99","800g (1 kg = 18,74 €)","Babybedarf","False","https://img.rewe-static.de/8437747/31210481_digital-image.png"
"Bebe Zartcreme 150ml","Bebe","3574661444123","1.99","150ml (1 l = 13,27 €)","Babybedarf","False","https://img.rewe-static.de/2426217/23878936_digital-image.png"
"Bebivita Bio Spaghetti Bolognese 220g","Bebivita","4018852030164","1.15","220g (1 kg = 5,23 €)","Babybedarf","False","https://img.rewe-static.de/7922301/34016343_digital-image.png"
"Bübchen Calendula Baby Gesichtspflege 75ml","Bübchen","42420682","3.19","75ml (1 l = 42,53 €)","Babybedarf","False","https://img.rewe-static.de/8670729/35022189_digital-image.png"
"Spreewaldhof Pfelino Apfel 100g","Spreewaldhof","4012712010341","0.99","100g (1 kg = 9,90 €)","Babybedarf","False","https://img.rewe-static.de/0252104/3676570_digital-image.png"
"Bebivita Bio Sternchennudeln in Kürbis-Gemüse-Sauce 250g","Bebivita","4018852030539","1.25","250g (1 kg = 5 €)","Babybedarf","False","https://img.rewe-static.de/8556713/33375796_digital-image.png"
"Freche Freunde Bio Quetschie Apfel, Erdbeere mit Rote Bete & Karotte 100g","Freche Freunde","4262367681322","0.95","100g (1 kg = 9,50 €)","Babybedarf","False","https://img.rewe-static.de/7601693/42946223_digital-image.png"
"Hipp Bio Combiotik 2 nach dem 6. Monat Folgemilch 600g","Hipp","4062300398917","14.75","600g (1 kg = 24,58 €)","Babybedarf","False","https://img.rewe-static.de/7859486/35496878_digital-image.png"
"Bebivita Bio Karotten mit Kartoffeln und Rind 190g","Bebivita","4018852030027","0.95","190g","Babybedarf","False","https://img.rewe-static.de/8658132/38273847_digital-image.png"
"Bebivita Frucht & Eisen 500ml","Bebivita","4018852032762","1.15","500ml (1 l = 2,30 €)","Babybedarf","False","https://img.rewe-static.de/7859735/38270314_digital-image.png"
"Freche Freunde Bio Quetschie Multi Pack Mix Obst+Gemüse 4x100g","Freche Freunde","4262367681407","3.59","4x100g","Babybedarf","False","https://img.rewe-static.de/9956761/45402330_digital-image.png"
"Hipp Karotten mit Kartoffeln & Bio-Rind 190g","Hipp","4062300025110","1.65","190g (1 kg = 8,68 €)","Babybedarf","False","https://img.rewe-static.de/0245364/10218260_digital-image.png"
"Milupa Milumil Kindermilch ab 1+ 550g","Milupa","4008976033257","7.99","550g (1 kg = 14,53 €)","Babybedarf","False","https://img.rewe-static.de/2522575/24313910_digital-image.png"
"Weleda Calendula Gesichtscreme 50ml","Weleda","4001638523158","5.99","50ml (1 l = 119,80 €)","Babybedarf","False","https://img.rewe-static.de/1911706/20972101_digital-image.png"
"Hipp 100% Bio Direktsaft Multifrucht mit Karotte nach dem 4.Monat 330g","Hipp","4062300350205","1.55","0,33g (1 kg = 4,70 €)","Babybedarf","False","https://img.rewe-static.de/8291595/29370629_digital-image.png"
"Hipp Bio Früchte Apfel Banane 120ml","Hipp","4062300325050","1.29","120ml (1 l = 10,75 €)","Babybedarf","False","https://img.rewe-static.de/7244766/28584623_digital-image.png"
"Hipp Bio Spaghetti mit Alaska-Seelachsfilet in Gemüse-Sahnesauce 250g","Hipp","4062300261846","1.85","250g (1 kg = 7,40 €)","Babybedarf","False","https://img.rewe-static.de/1916616/20961193_digital-image.png"
"Penaten Intensiv Pflegemilch 400ml","Penaten","3574661817064","3.99","400ml (1 l = 9,98 €)","Babybedarf","False","https://img.rewe-static.de/0937905/10204010_digital-image.png"
"Bebivita Bio Risotto mit Käse & Spinat 220g","Bebivita","4018852030249","1.15","220g (1 kg = 5,23 €)","Babybedarf","False","https://img.rewe-static.de/7923206/35519179_digital-image.png"
"Hipp Babysanft Feuchttücher Zart Pflegend 5x48 Stück","Hipp","4062300462403","4.99","5x48 Stück","Babybedarf","False","https://img.rewe-static.de/7566286/44994744_digital-image.png"
"Nestlé Beba 1 Anfangsmilch 800g","Nestlé","7613038463070","19.95","800g (1 kg = 24,94 €)","Babybedarf","False","https://img.rewe-static.de/8006718/30868922_digital-image.png"
"Nuk Space Silikon Sauger 6-18 Monate 2 Stück","Nuk","4008600312253","6.49","2 Stück","Babybedarf","False","https://img.rewe-static.de/8233863/28600598_digital-image.png"
"Bebe Zartcreme 50ml","Bebe","3574661444147","1.19","50ml (1 l = 23,80 €)","Babybedarf","False","https://img.rewe-static.de/2426235/29259076_digital-image.png"
"Bebivita Apfel in stillem Mineralwasser 500ml","Bebivita","4018852032786","1.35","500ml (1 l = 2,70 €)","Babybedarf","False","https://img.rewe-static.de/7825440/43527859_digital-image.png"
"Freche Freunde Bio Quetschie Pfirsich, Apfel, Banane mit Hafer 100g","Freche Freunde","4262367681384","0.95","100g (1 kg = 9,50 €)","Babybedarf","False","https://img.rewe-static.de/9093563/44167325_digital-image.png"
"Vivess Babysocken 19-22 ca. 1-2 Jahre","Vivess","4337256616430","3.99","1 Stück","Babybedarf","False","https://img.rewe-static.de/7691832/41549247_digital-image.png"
"Alete Abendmahlzeit zum Trinken Mehrkorn-Getreide 2x200ml","Alete","4251099845157","1.99","2x200ml (1 l = 4,98 €)","Babybedarf","False","https://img.rewe-static.de/1124922/22489799_digital-image.png"
"Alete Mahlzeit zum Trinken Schokolade 2x200ml","Alete","4251099845140","1.99","2x200ml (1 l = 4,98 €)","Babybedarf","False","https://img.rewe-static.de/0439758/31139774_digital-image.png"
"Dentinox Zahnungspflege Gel Care 10g","Dentinox","4102960801010","6.99","10g","Babybedarf","False","https://img.rewe-static.de/7589307/43905832_digital-image.png"
"Hipp Bio Milder Apfel 0,5l","Hipp","4062300395572","1.19","500ml (1 l = 2,38 €)","Babybedarf","False","https://img.rewe-static.de/8478302/32049806_digital-image.png"
"Nuk Trinklernflasche Mini Magic Cup160ml","Nuk","4008600350743","10.99","1 Stück","Babybedarf","False","https://img.rewe-static.de/8436511/32629380_digital-image.png"
"Penaten Bad & Shampoo Natursanft 395ml","Penaten","3574661691602","5.99","395ml (1 l = 15,16 €)","Babybedarf","False","https://img.rewe-static.de/7755359/37459366_digital-image.png"
"Harry Vital & Fit 500g","Harry","4071800001012","1.89","500g (1 kg = 3,78 €)","Brot, Cerealien & Aufstriche","False","https://img.rewe-static.de/0554637/33171292_digital-image.png"
"REWE Beste Wahl Bäcker-Brötchen 360g","REWE Beste Wahl","4337256737944","0.99","360g (1 kg = 2,75 €)","Brot, Cerealien & Aufstriche","False","https://img.rewe-static.de/0138469/22496040_digital-image.png"
"Harry 1688 Weizenmischbrot Unser Mildes 500g","Harry","4071800000879","1.89","500g (1 kg = 3,78 €)","Brot, Cerealien & Aufstriche","False","https://img.rewe-static.de/4923669/727930_digital-image.png"
"Harry Vollkorn-Toast 500g","Harry","4071800000633","1.89","500g (1 kg = 3,78 €)","Brot, Cerealien & Aufstriche","False","https://img.rewe-static.de/4922506/3488850_digital-image.png"
"Schwartau Samt Erdbeere Fruchtaufstrich ohne Stücke & ohne Kerne 270g","Schwartau","4011800176112","2.69","270g (1 kg = 9,96 €)","Brot, Cerealien & Aufstriche","False","https://img.rewe-static.de/8084765/48247428_digital-image.png"
"Bonne Maman Erdbeer-Konfitüre 370g","Bonne Maman","3045320090024","3.29","370g (1 kg = 8,89 €)","Brot, Cerealien & Aufstriche","False","https://img.rewe-static.de/6992811/2385510_digital-image.png"
"REWE Bio zarte Haferflocken 500g","REWE Bio","4337256783132","0.89","500g (1 kg = 1,78 €)","Brot, Cerealien & Aufstriche","False","https://img.rewe-static.de/3011204/26376356_digital-image.png"
"Butcher's Burger Brioche Burger Buns 4 Stück","Butcher's Burger","4337256191371","1.69","250g (1 kg = 6,76 €)","Brot, Cerealien & Aufstriche","False","https://img.rewe-static.de/7937367/32850158_digital-image.png"
"Popp Brotaufstrich Eiersalat 150g","Popp","4045800402261","1.79","150g (1 kg = 11,93 €)","Brot, Cerealien & Aufstriche","False","https://img.rewe-static.de/3078868/2278120_digital-image.png"
"Harry Rosenbrötchen 510g","Harry","4071800049540","2.39","510g (1 kg = 4,69 €)","Brot, Cerealien & Aufstriche","False","https://img.rewe-static.de/8350801/29889929_digital-image.png"
"Nestlé Cini Minis Cerealien mit Zimtgeschmack und Vollkorn 375g","Nestlé","3387390333008","3.79","375g (1 kg = 10,11 €)","Brot, Cerealien & Aufstriche","False","https://img.rewe-static.de/7721528/44352959_digital-image.png"
"Nestle Lion Cereals Karamell & Schoko 400g","Lion","3387390321067","3.79","400g (1 kg = 9,48 €)","Brot, Cerealien & Aufstriche","False","https://img.rewe-static.de/5654084/25166054_digital-image.png"
"Wasa Knäckebrot Tasty Snacks Sesame & Sea Salt Crisps 190g","Wasa","7300400126205","2.99","190g (1 kg = 15,74 €)","Brot, Cerealien & Aufstriche","False","https://img.rewe-static.de/1183356/16067840_digital-image.png"
"Nutella 750g + 75g","Nutella","4008400409627","4.89","825g (1 kg = 5,93 €)","Brot, Cerealien & Aufstriche","False","https://img.rewe-static.de/9205233/6652060_digital-image.png"
"Sinnack Bio Steinofen Baguette Weizen 250g","Sinnack","4009097033706","1.49","250g (1 kg = 5,96 €)","Brot, Cerealien & Aufstriche","False","https://img.rewe-static.de/8163293/46936768_digital-image.png"
"REWE Beste Wahl Streichgenuss Schnittlauch vegan 150g","REWE Beste Wahl","4337256785884","1.29","150g (1 kg = 8,60 €)","Brot, Cerealien & Aufstriche","False","https://img.rewe-static.de/9152680/43483945_digital-image.png"
"REWE Beste Wahl Butter Croissants 200g","REWE Beste Wahl","4337256728041","1.99","200g (1 kg = 9,95 €)","Brot, Cerealien & Aufstriche","False","https://img.rewe-static.de/7076144/28083662_digital-image.png"
"Milram Porridge mit Vollkornhafer Natur 400g","Milram","4036300157638","1.79","400g (1 kg = 4,48 €)","Brot, Cerealien & Aufstriche","False","https://img.rewe-static.de/8762823/36454061_digital-image.png"
"Kölln Müsli Knusper Schoko & Keks Kakao 500g","Kölln","4000540003246","3.79","500g (1 kg = 7,58 €)","Brot, Cerealien & Aufstriche","False","https://img.rewe-static.de/2007988/30585585_digital-image.png"
"Harry Baguette 250g","Harry","2155780000004","0.89","250g (1 kg = 3,56 €)","Brot, Cerealien & Aufstriche","False","https://img.rewe-static.de/4621360/880620_digital-image.png"
"Harry 1688 Roggenvollkornbrot Sonnenkern 500g","Harry","4071800000909","1.89","500g (1 kg = 3,78 €)","Brot, Cerealien & Aufstriche","False","https://img.rewe-static.de/4922328/3873200_digital-image.png"
"Harry Bäckerfrisch Vollkorn-Sonnenblume 500g","Harry","4071800003696","1.69","500g (1 kg = 3,38 €)","Brot, Cerealien & Aufstriche","False","https://img.rewe-static.de/1472259/8920970_digital-image.png"
"Lieken Lieblingsbrot Dinkel 400g","Lieken","4009249046387","2.29","400g (1 kg = 5,73 €)","Brot, Cerealien & Aufstriche","False","https://img.rewe-static.de/7860392/34736910_digital-image.png"
"Kölln Crunchy Berry Hafer-Müsli VeganChocTaste vegan 400g","Kölln","4000540003314","3.79","400g (1 kg = 9,48 €)","Brot, Cerealien & Aufstriche","False","https://img.rewe-static.de/8969687/40330788_digital-image.png"
"Schär Landbrot mit Buchweizen glutenfrei 275g","Schär","8008698028315","2.99","275g (1 kg = 10,87 €)","Brot, Cerealien & Aufstriche","False","https://img.rewe-static.de/8290963/29868609_digital-image.png"
"REWE Feine Welt Krosse Krüstchen 300g","REWE Feine Welt","4337256166317","1.99","300g (1 kg = 6,63 €)","Brot, Cerealien & Aufstriche","False","https://img.rewe-static.de/1094032/9296790_digital-image.png"
"Harry Sammys Super Sandwich 750g","Harry","4071800001371","2.39","750g (1 kg = 3,19 €)","Brot, Cerealien & Aufstriche","False","https://img.rewe-static.de/5186277/2907870_digital-image.png"
"Corny Schoko-Banane 6x25g","CORNY","4011800523213","1.79","6x25g (1 kg = 11,93 €)","Brot, Cerealien & Aufstriche","False","https://img.rewe-static.de/0544805/21427149_digital-image.png"
"Nutella 450g","Nutella","4008400401621","3.49","450g (1 kg = 7,76 €)","Brot, Cerealien & Aufstriche","False","https://img.rewe-static.de/0900852/22057934_digital-image.png"
"Corny Milch Classic 4x30g","CORNY","4011800562212","1.79","4x30g (1 kg = 14,92 €)","Brot, Cerealien & Aufstriche","False","https://img.rewe-static.de/0544828/22736757_digital-image.png"
"Tartex Bio Brotaufstrich Avocado 140g","Tartex","4005514072211","2.69","140g (1 kg = 19,21 €)","Brot, Cerealien & Aufstriche","False","https://img.rewe-static.de/8210581/39102846_digital-image.png"
"Harry Walnuss Honig Brötchen","Harry","4071800059563","0.59","1 Stück","Brot, Cerealien & Aufstriche","False","https://img.rewe-static.de/9081361/43325180_digital-image.png"
"Pågen Gifflar Vanilleröllchen 260g","Pågen","7311070347005","2.29","260g (1 kg = 8,81 €)","Brot, Cerealien & Aufstriche","False","https://img.rewe-static.de/1220173/12879580_digital-image.png"
"Harry Kartoffelbrot geschnitten","Harry","2200750000000","2.19","1 Stück ca. 750 g (1 kg = 2,92 €)","Brot, Cerealien & Aufstriche","False","https://img.rewe-static.de/0881405/22525193_digital-image.png"
"Popp Brotaufstrich Bruschetta 150g","Popp","4045800505269","1.79","150g (1 kg = 11,93 €)","Brot, Cerealien & Aufstriche","False","https://img.rewe-static.de/0177963/11033880_digital-image.png"
"Dreyer Rapshonig 500g","Dreyer","4009265001704","4.99","500g (1 kg = 9,98 €)","Brot, Cerealien & Aufstriche","False","https://img.rewe-static.de/0009431/2121370_digital-image.png"
"Feinkost Popp Brotaufstrich Geflügel Dattel-Curry 150g","Popp","4045800402322","1.79","150g (1 kg = 11,93 €)","Brot, Cerealien & Aufstriche","False","https://img.rewe-static.de/9947823/45774209_digital-image.png"
"Harry Körner Balance Sandwich 750g","Harry","4071800038810","2.49","750g (1 kg = 3,32 €)","Brot, Cerealien & Aufstriche","False","https://img.rewe-static.de/2758441/25048772_digital-image.png"
"REWE Bio Mehrkorn Landbrötchen 300g","REWE Bio","4337256534147","1.29","280g (1 kg = 4,61 €)","Brot, Cerealien & Aufstriche","False","https://img.rewe-static.de/7996075/31853190_digital-image.png"
"Sinnack Kaiserbrötchen 220g","Sinnack","4009097010677","0.99","220g (1 kg = 4,50 €)","Brot, Cerealien & Aufstriche","False","https://img.rewe-static.de/8061436/29736084_digital-image.png"
"Harry Anno 1688 Dinkel 450g","Harry","4071800054087","2.39","450g (1 kg = 5,31 €)","Brot, Cerealien & Aufstriche","False","https://img.rewe-static.de/7899987/33083620_digital-image.png"
"Harry Dinkel mit Sonnenblumenkernen 400g","Harry","4071800048673","1.99","400g (1 kg = 4,98 €)","Brot, Cerealien & Aufstriche","False","https://img.rewe-static.de/8084259/29222508_digital-image.png"
"REWE Beste Wahl Bauern-Brötchen 360g, 6 Stück","REWE Beste Wahl","4337256724586","1.19","360g (1 kg = 3,31 €)","Brot, Cerealien & Aufstriche","False","https://img.rewe-static.de/0853522/22465680_digital-image.png"
"REWE Bio Hafer-Crunchy 500g","REWE Bio","4337256017503","2.59","500g (1 kg = 5,18 €)","Brot, Cerealien & Aufstriche","False","https://img.rewe-static.de/8514209/33097820_digital-image.png"
"Harry Sammys Vollkorn Super Sandwich 750g","Harry","4071800056784","2.39","750g (1 kg = 3,19 €)","Brot, Cerealien & Aufstriche","False","https://img.rewe-static.de/8844190/36469598_digital-image.png"
"Wasa Tasty Snacks Sesame & Sea Salt 235g","Wasa","7300400482202","2.99","235g (1 kg = 12,72 €)","Brot, Cerealien & Aufstriche","False","https://img.rewe-static.de/8293683/29362929_digital-image.png"
"Harry Vital + Vitamin 400g","Harry","4071800049533","1.89","400g (1 kg = 4,73 €)","Brot, Cerealien & Aufstriche","False","https://img.rewe-static.de/8350727/29889927_digital-image.png"
"REWE Beste Wahl Steinofen Panini 480g","REWE Beste Wahl","4337256732352","2.19","480g (1 kg = 4,56 €)","Brot, Cerealien & Aufstriche","False","https://img.rewe-static.de/2285239/24590829_digital-image.png"
"Corny Free Müsliriegel Weiße Schokolade 6x20g","CORNY","4011800575212","1.79","6x20g (1 kg = 14,92 €)","Brot, Cerealien & Aufstriche","False","https://img.rewe-static.de/0544813/1238470_digital-image.png"
"Bresso 100% pflanzlich mit Kräutern der Provence 140g","Bresso","3272770015653","2.49","140g (1 kg = 17,79 €)","Brot, Cerealien & Aufstriche","False","https://img.rewe-static.de/7894141/33277858_digital-image.png"
"Mestemacher Eiweiß-Toastbrötchen 260g","Mestemacher","4000446016791","2.29","260g (1 kg = 8,81 €)","Brot, Cerealien & Aufstriche","False","https://img.rewe-static.de/1369341/19509880_digital-image.png"
"Block House Sour Cream 200g","Block House","4009286110560","1.99","200g (1 kg = 9,95 €)","Brot, Cerealien & Aufstriche","False","https://img.rewe-static.de/5780454/2459600_digital-image.png"
"Harry Bäckerfrisch Vital-Brot 500g","Harry","4071800003870","1.69","500g (1 kg = 3,38 €)","Brot, Cerealien & Aufstriche","False","https://img.rewe-static.de/2367890/23205393_digital-image.png"
"Harry Anno 1688 Dinkel Saaten 400g","Harry","4071800058825","2.39","400g (1 kg = 5,98 €)","Brot, Cerealien & Aufstriche","False","https://img.rewe-static.de/9966101/44969428_digital-image.png"
"Schwartau Extra Erdbeer-Vanille Konfitüre 340g","Schwartau","4011800840617","2.89","340g (1 kg = 8,50 €)","Brot, Cerealien & Aufstriche","False","https://img.rewe-static.de/9273972/7479790_digital-image.png"
"Corny Free Peanut & Choc 6x20g","CORNY","4011800000134","1.79","6x20g","Brot, Cerealien & Aufstriche","False","https://img.rewe-static.de/9929876/47382343_digital-image.png"
"Salatkönig Kartoffel-Creme 500g","Salatkönig","4045800767377","2.69","500g (1 kg = 5,38 €)","Brot, Cerealien & Aufstriche","False","https://img.rewe-static.de/5837693/1311030_digital-image.png"
"REWE Bio Haferpops 375g","REWE Bio","4337256693653","2.79","375g (1 kg = 7,44 €)","Brot, Cerealien & Aufstriche","False","https://img.rewe-static.de/7648254/41648656_digital-image.png"
"Pågen Schweden Bröd 900g","Pågen","7311070011555","3.49","900g (1 kg = 3,88 €)","Brot, Cerealien & Aufstriche","False","https://img.rewe-static.de/3602177/31160465_digital-image.png"
"Bionella Bio Nuss-Nougat-Creme vegan 400g","Bionella","4006040007999","3.99","400g (1 kg = 9,98 €)","Brot, Cerealien & Aufstriche","False","https://img.rewe-static.de/1405742/20800963_digital-image.png"
"Kölln Echte Kernige 500g","Kölln","4000540000306","1.69","500g (1 kg = 3,38 €)","Brot, Cerealien & Aufstriche","False","https://img.rewe-static.de/0157937/30585581_digital-image.png"
"Mövenpick Gourmet-Frühstück Schwarze Johannisbeeren Fruchtaufstrich 250g","Mövenpick","4011800203023","2.99","250g (1 kg = 11,96 €)","Brot, Cerealien & Aufstriche","False","https://img.rewe-static.de/5074088/8198980_digital-image.png"
"Langnese Flotte Biene Obstblütenhonig 250g","Langnese Honig","4023300901002","3.49","250g (1 kg = 13,96 €)","Brot, Cerealien & Aufstriche","False","https://img.rewe-static.de/1025438/20947885_digital-image.png"
"Dreyer Waldhonig 500g","Dreyer","4009265001308","5.99","500g (1 kg = 11,98 €)","Brot, Cerealien & Aufstriche","False","https://img.rewe-static.de/4935519/8136690_digital-image.png"
"REWE frei von Pures Korn Brot glutenfrei 275g","REWE frei von","4337256676960","2.99","275g (1 kg = 10,87 €)","Brot, Cerealien & Aufstriche","False","https://img.rewe-static.de/8966169/41226414_digital-image.png"
"Leicht&Cross Knusperbrot Weizen 150g","Leicht & Cross","4001518100462","1.39","150g (1 kg = 9,27 €)","Brot, Cerealien & Aufstriche","False","https://img.rewe-static.de/0095735/1064050_digital-image.png"
"Harry Steinofen Meisterbrötchen","Harry","4071800054346","0.59","1 Stück","Brot, Cerealien & Aufstriche","False","https://img.rewe-static.de/8593938/33287098_digital-image.png"
"Landliebe Gelee Quitte 200g","Landliebe","4002575342109","2.29","200g (1 kg = 11,45 €)","Brot, Cerealien & Aufstriche","False","https://img.rewe-static.de/1180726/21506683_digital-image.png"
"REWE Beste Wahl Feiner Rührkuchen Marmor 400g","REWE Beste Wahl","4337256084536","1.69","400g (1 kg = 4,23 €)","Brot, Cerealien & Aufstriche","False","https://img.rewe-static.de/8096999/29473153_digital-image.png"
"Goldkruste geschnitten 1000g","Harry","2200730000006","3.19","1 Stück ca. 1000 g (1 kg = 3,19 €)","Brot, Cerealien & Aufstriche","False","https://img.rewe-static.de/0881398/21766387_digital-image.png"
"Dr. Oetker Vitalis Porridge Beeren 56g","Dr. Oetker","4000521033712","0.99","56g","Brot, Cerealien & Aufstriche","False","https://img.rewe-static.de/7644275/42107651_digital-image.png"
"Harry Weißbrot Glanz geschnitten ca. 500g","Harry","2129490000005","1.99","1 Stück ca. 500 g (1 kg = 3,98 €)","Brot, Cerealien & Aufstriche","False","https://img.rewe-static.de/2718185/25436002_digital-image.png"
"Deli Reform Bio Gemüse auf Brot Tomate 150g","Deli Reform","40264714","2.69","150g (1 kg = 17,93 €)","Brot, Cerealien & Aufstriche","False","https://img.rewe-static.de/3280754/26851240_digital-image.png"
"Glück Fruchtaufstrich passiert aus Erdbeeren 230g","Glück","4054600880018","2.99","230g (1 kg = 13 €)","Brot, Cerealien & Aufstriche","False","https://img.rewe-static.de/7191733/30247219_digital-image.png"
"Kölln Haferkleie-Flocken 250g","Kölln","4000540002409","2.99","250g (1 kg = 11,96 €)","Brot, Cerealien & Aufstriche","False","https://img.rewe-static.de/5416388/3091240_digital-image.png"
"Nestlé Fitness Joghurt Frühstückscerealien 350g","Nestlé","7613031517817","3.79","350g (1 kg = 10,83 €)","Brot, Cerealien & Aufstriche","False","https://img.rewe-static.de/0193731/25516582_digital-image.png"
"Kölln Müsli Bircher Frucht 500g","Kölln","4000540011517","3.79","500g (1 kg = 7,58 €)","Brot, Cerealien & Aufstriche","False","https://img.rewe-static.de/7276856/28058976_digital-image.png"
"Mestemacher Eiweißbrot 250g","Mestemacher","4000446011376","2.29","250g (1 kg = 9,16 €)","Brot, Cerealien & Aufstriche","False","https://img.rewe-static.de/1449058/20517793_digital-image.png"
"Schär Ciabatta glutenfrei 200g","Schär","8008698010259","2.99","200g (1 kg = 14,95 €)","Brot, Cerealien & Aufstriche","False","https://img.rewe-static.de/1281880/23698719_digital-image.png"
"Dr. Oetker Vitalis Joghurt-Müsli 600g","Dr. Oetker","4000521663407","3.99","600g (1 kg = 6,65 €)","Brot, Cerealien & Aufstriche","False","https://img.rewe-static.de/5222591/16276490_digital-image.png"
"Dr. Oetker Vitalis Knusper Müsli Plus Nussmischung 450g","Dr. Oetker","4000521021894","3.99","450g (1 kg = 8,87 €)","Brot, Cerealien & Aufstriche","False","https://img.rewe-static.de/8278147/29603537_digital-image.png"
"Harry Doppelsemmel","Harry","2154770000000","0.35","1 Stück","Brot, Cerealien & Aufstriche","False","https://img.rewe-static.de/4019105/22199186_digital-image.png"
"Dreyer Goldbiene 250g","Dreyer","4009265012304","2.99","250g (1 kg = 11,96 €)","Brot, Cerealien & Aufstriche","False","https://img.rewe-static.de/0470520/7454850_digital-image.png"
"Butcher's Burger Sesam Burger Buns 4 Stück","Butcher's Burger","21169779","1.19","300g (1 kg = 3,97 €)","Brot, Cerealien & Aufstriche","False","https://img.rewe-static.de/7219821/32510789_digital-image.png"
"REWE Bio Porridge Beere 500g","REWE Bio","4337256427722","2.39","500g (1 kg = 4,78 €)","Brot, Cerealien & Aufstriche","True","https://img.rewe-static.de/8468711/32284962_digital-image.png"
"Biozentrale Bio Aufstrich Kräuter-Tomate 125g","biozentrale","4005009100870","2.49","125g (1 kg = 19,92 €)","Brot, Cerealien & Aufstriche","False","https://img.rewe-static.de/0886643/23477482_digital-image.png"
"Schwartau Extra Sauerkirsche Konfitüre 340g","Schwartau","4011800841416","2.69","340g (1 kg = 7,91 €)","Brot, Cerealien & Aufstriche","False","https://img.rewe-static.de/9275371/1682790_digital-image.png"
"Finn Crisp Original 200g","Finn Crisp","6410500090014","1.49","200g (1 kg = 7,45 €)","Brot, Cerealien & Aufstriche","True","https://img.rewe-static.de/9559124/2264070_digital-image.png"
"Veggy Friends Veganer Bio Linsen-Aufstrich Chorizo 140g","Veggy Friends","4260177115372","2.79","140g","Brot, Cerealien & Aufstriche","False","https://img.rewe-static.de/8937434/43616538_digital-image.png"
"Biozentrale Bio Brotaufstrich Paprika 125g","biozentrale","4005009100849","2.49","125g (1 kg = 19,92 €)","Brot, Cerealien & Aufstriche","False","https://img.rewe-static.de/0894747/24220330_digital-image.png"
"Bihophar Akazien-Honig mit Frühjahrstracht 500g","Bihophar","40555133","7.99","500g (1 kg = 15,98 €)","Brot, Cerealien & Aufstriche","False","https://img.rewe-static.de/5034230/914910_digital-image.png"
"Eszet Schnitten Zartbitter 75g","Eszet","4030387760606","1.19","75g (1 kg = 15,87 €)","Brot, Cerealien & Aufstriche","False","https://img.rewe-static.de/8952001/39823173_digital-image.png"
"Finn Crisp Mehrkorn 175g","Finn Crisp","6410500091868","1.49","175g (1 kg = 8,51 €)","Brot, Cerealien & Aufstriche","True","https://img.rewe-static.de/8118728/7388230_digital-image.png"
"REWE Feine Welt Königliche Olive Ciabatta 300g","REWE Feine Welt","4337256329613","2.99","300g (1 kg = 9,97 €)","Brot, Cerealien & Aufstriche","False","https://img.rewe-static.de/0896658/5859980_digital-image.png"
"Dan Cake Schnittkuchen Zitrone mit Glasur 350g","Dan Cake","5709152013795","2.29","350g (1 kg = 6,54 €)","Brot, Cerealien & Aufstriche","False","https://img.rewe-static.de/0338896/10885660_digital-image.png"
"Dr. Oetker Vitalis Knusper-Honeys 600g","Dr. Oetker","4000521661304","3.99","600g (1 kg = 6,65 €)","Brot, Cerealien & Aufstriche","False","https://img.rewe-static.de/0522023/7477610_digital-image.png"
"Langnese Flotte Biene Wildblüten-Honig 500g","Langnese Honig","4023300900906","5.99","500g (1 kg = 11,98 €)","Brot, Cerealien & Aufstriche","False","https://img.rewe-static.de/1374516/20811206_digital-image.png"
"Kölln Vollkorn-Haferfleks Klassik 750g","Kölln","4000540011081","4.99","750g (1 kg = 6,65 €)","Brot, Cerealien & Aufstriche","False","https://img.rewe-static.de/1230646/15154660_digital-image.png"
"REWE Bio Reiswaffeln glutenfrei 100g","REWE Bio","4337256565042","0.69","100g (1 kg = 6,90 €)","Brot, Cerealien & Aufstriche","False","https://img.rewe-static.de/7046256/28004138_digital-image.png"
"REWE Beste Wahl Weltmeisterbrötchen 510g, 6 Stück","REWE Beste Wahl","4337256739276","2.49","510g (1 kg = 4,88 €)","Brot, Cerealien & Aufstriche","False","https://img.rewe-static.de/1939224/24586636_digital-image.png"
"Kuchenmeister Wiener Boden dunkel 400g","Kuchenmeister","4101540739354","3.99","400g (1 kg = 9,98 €)","Brot, Cerealien & Aufstriche","False","https://img.rewe-static.de/7993607/31322417_digital-image.png"
"Kölln Müsli Knusper Schoko-Krokant 500g","Kölln","4000540043587","3.79","500g (1 kg = 7,58 €)","Brot, Cerealien & Aufstriche","False","https://img.rewe-static.de/8175521/28776942_digital-image.png"
"Mövenpick Gourmet-Frühstück Baseler Schwarzkirsche Fruchtaufstrich 250g","Mövenpick","4011800212018","2.79","250g (1 kg = 11,16 €)","Brot, Cerealien & Aufstriche","False","https://img.rewe-static.de/8481903/1711850_digital-image.png"
"REWE Bio Schokomüsli 500g","REWE Bio","4388844032248","2.19","500g (1 kg = 4,38 €)","Brot, Cerealien & Aufstriche","False","https://img.rewe-static.de/0974662/7891620_digital-image.png"
"Harry Bauern Mehrkornkrusti","Harry","4071800055305","0.39","1 Stück","Brot, Cerealien & Aufstriche","False","https://img.rewe-static.de/7839852/34840535_digital-image.png"
"REWE Bio Reiswaffeln mit Meersalz 100g","REWE Bio","4388844298194","0.69","100g (1 kg = 6,90 €)","Brot, Cerealien & Aufstriche","False","https://img.rewe-static.de/7046872/28004143_digital-image.png"
"Wasa Sandwich Käse, Tomate & Basilikum 3x40g","Wasa","7300400127387","2.59","3x40g (1 kg = 21,58 €)","Brot, Cerealien & Aufstriche","False","https://img.rewe-static.de/1030597/11952630_digital-image.png"
"REWE Beste Wahl Aioli Knoblauchcreme 190g","REWE Beste Wahl","4337256724685","1.69","190g (1 kg = 8,89 €)","Brot, Cerealien & Aufstriche","False","https://img.rewe-static.de/9004499/41923195_digital-image.png"
"Popp Walter Popps Meistersalat Eiersalat mit Senf 200g","Popp","4045800771213","2.19","200g (1 kg = 10,95 €)","Brot, Cerealien & Aufstriche","False","https://img.rewe-static.de/7959051/32244877_digital-image.png"
"Dr. Karg's Vollkorn-Knäckebrot Käse & Kürbiskern 200g","Dr. Karg's","4033634051519","2.69","200g (1 kg = 13,45 €)","Brot, Cerealien & Aufstriche","False","https://img.rewe-static.de/9294783/36260539_digital-image.png"
"Schwartau Extra Himbeere Konfitüre 340g","Schwartau","4011800840914","2.69","340g (1 kg = 7,91 €)","Brot, Cerealien & Aufstriche","False","https://img.rewe-static.de/9275118/6345770_digital-image.png"
"REWE Bio Vollkorn Brötchen 340g","REWE Bio","4337256689144","2.19","340g (1 kg = 6,44 €)","Brot, Cerealien & Aufstriche","False","https://img.rewe-static.de/7652218/41578341_digital-image.png"
"Mestemacher Pumpernickel 500g","Mestemacher","4000446001018","1.89","500g (1 kg = 3,78 €)","Brot, Cerealien & Aufstriche","False","https://img.rewe-static.de/7724330/1475370_digital-image.png"
"REWE Beste Wahl Rührkuchen Zitrone 400g","REWE Beste Wahl","4337256151061","1.69","400g (1 kg = 4,23 €)","Brot, Cerealien & Aufstriche","False","https://img.rewe-static.de/7956293/32493881_digital-image.png"
"Schwartau Samt Waldfrucht Fruchtaufstrich ohne Stücke & ohne Kerne 270g","Schwartau","4011800176419","2.89","270g (1 kg = 10,70 €)","Brot, Cerealien & Aufstriche","False","https://img.rewe-static.de/8085461/29442950_digital-image.png"
"Kölln Crunchy Mango Maracuja Hafer-Müsli vegan 400g","Kölln","4000540003956","3.79","400g (1 kg = 9,48 €)","Brot, Cerealien & Aufstriche","False","https://img.rewe-static.de/7574668/43906863_digital-image.png"
"Brotland Dinkelbrot mit Karottenstreifen","NA","4071800060255","2.49","500g (1 kg = 4,98 €)","Brot, Cerealien & Aufstriche","False","https://img.rewe-static.de/7565774/44278934_digital-image.png"
"REWE Bio Konfitüre Aprikose 330g","REWE Bio","4337256686730","1.69","330g (1 kg = 5,12 €)","Brot, Cerealien & Aufstriche","False","https://img.rewe-static.de/8978058/42194129_digital-image.png"
"Zentis Original Aachener Pflümli 195g","Zentis","4002575602838","1.59","195g (1 kg = 8,15 €)","Brot, Cerealien & Aufstriche","False","https://img.rewe-static.de/8040696/30222426_digital-image.png"
"Ruf Porridge Schoko Banane 65g","Ruf","4002809018602","0.89","65g (1 kg = 13,69 €)","Brot, Cerealien & Aufstriche","False","https://img.rewe-static.de/8005182/33444470_digital-image.png"
"Ibis Milchbrötchen mit Schokostücken 350g","Ibis","4012263019428","2.89","350g (1 kg = 8,26 €)","Brot, Cerealien & Aufstriche","False","https://img.rewe-static.de/1345773/23915812_digital-image.png"
"Kölln Knusper Hafermüsli 50% weniger Zucker 500g","Kölln","4000540003260","3.79","500g (1 kg = 7,58 €)","Brot, Cerealien & Aufstriche","False","https://img.rewe-static.de/7769659/39591579_digital-image.png"
"Kölln Müsli Knusper Honig-Nuss 500g","Kölln","4000540023169","3.79","500g (1 kg = 7,58 €)","Brot, Cerealien & Aufstriche","False","https://img.rewe-static.de/2537823/24231344_digital-image.png"
"Brandt Minis Kokos Zwieback 110g","Brandt","4013752040046","1.99","110g (1 kg = 18,09 €)","Brot, Cerealien & Aufstriche","False","https://img.rewe-static.de/7781389/36436088_digital-image.png"
"Aldente Gefüllte Frischeiwaffeln mit kakaohaltiger Fettglasur mit Haselnussgeschmack 272g","Aldente","4044808150587","2.49","272g (1 kg = 9,15 €)","Brot, Cerealien & Aufstriche","False","https://img.rewe-static.de/7214985/29283845_digital-image.png"
"Kölln Beeriges Hafer-Porridge 375g","Kölln","4000540000726","3.49","375g (1 kg = 9,31 €)","Brot, Cerealien & Aufstriche","False","https://img.rewe-static.de/8285997/29272278_digital-image.png"
"Harry Lüneburger 1250g","Harry","2155620000003","2.29","1250g (1 kg = 1,83 €)","Brot, Cerealien & Aufstriche","False","https://img.rewe-static.de/2960281/14252710_digital-image.png"
"REWE Beste Wahl Sanft & Fruchtig Waldfrucht 270g","REWE Beste Wahl","4337256637565","1.29","270g (1 kg = 4,78 €)","Brot, Cerealien & Aufstriche","False","https://img.rewe-static.de/7014153/26716022_digital-image.png"
"Kölln Bio Multikorn-Flocken kernig 500g","Kölln","4000540000467","2.99","500g (1 kg = 5,98 €)","Brot, Cerealien & Aufstriche","False","https://img.rewe-static.de/0511390/23254717_digital-image.png"
"Schwartau Extra Erdbeere Konfitüre 600g","Schwartau","4011800803711","4.19","600g (1 kg = 6,98 €)","Brot, Cerealien & Aufstriche","False","https://img.rewe-static.de/9284702/3403760_digital-image.png"
"Schwartau Bittere Orangen Marmeladen 350g","Schwartau","4011800189129","2.99","350g (1 kg = 8,54 €)","Brot, Cerealien & Aufstriche","False","https://img.rewe-static.de/7978180/31210205_digital-image.png"
"REWE frei von Bio Haferriegel Schoko glutenfrei 25g","REWE frei von","4337256394680","0.89","25g (1 kg = 35,60 €)","Brot, Cerealien & Aufstriche","False","https://img.rewe-static.de/7824844/36647173_digital-image.png"
"Kölln Müsli Knusper Klassik 600g","Kölln","4000540003468","3.79","600g (1 kg = 6,32 €)","Brot, Cerealien & Aufstriche","False","https://img.rewe-static.de/0311453/11413890_digital-image.png"
"Schwartau Extra Hagebutte 340g","Schwartau","4011800840716","2.69","340g (1 kg = 7,91 €)","Brot, Cerealien & Aufstriche","False","https://img.rewe-static.de/8651084/43088998_digital-image.png"
"Block House Aioli 200ml","Block House","4009286110607","2.99","200g (1 kg = 14,95 €)","Brot, Cerealien & Aufstriche","False","https://img.rewe-static.de/0965044/20171816_digital-image.png"
"Rettergut Bio-Hummus Kürbis & Karotte 135g","Rettergut","4260655550237","2.59","135g (1 kg = 19,19 €)","Brot, Cerealien & Aufstriche","False","https://img.rewe-static.de/8427439/31210459_digital-image.png"
"Dr. Oetker Marmorkuchen 350g","Dr. Oetker","4000521029845","3.29","350g (1 kg = 9,40 €)","Brot, Cerealien & Aufstriche","False","https://img.rewe-static.de/7705852/38300433_digital-image.png"
"REWE Bio Naturland 5 Korn Müsli 750g","REWE Bio","4337256415743","1.69","750g (1 kg = 2,25 €)","Brot, Cerealien & Aufstriche","False","https://img.rewe-static.de/7816381/36162301_digital-image.png"
"Grossmann Trüffelcreme 200g","Grossmann","4006495160652","2.39","200g (1 kg = 11,95 €)","Brot, Cerealien & Aufstriche","False","https://img.rewe-static.de/8468528/31399999_digital-image.png"
"Bonne Maman Haselnuss & Kakao Creme 360g","Bonne Maman","3608580101932","3.99","360g (1 kg = 11,08 €)","Brot, Cerealien & Aufstriche","False","https://img.rewe-static.de/8862449/38860798_digital-image.png"
"REWE Bio Bircher-Müsli 500g","REWE Bio","4337256165136","2.99","500g (1 kg = 5,98 €)","Brot, Cerealien & Aufstriche","False","https://img.rewe-static.de/8288250/29716291_digital-image.png"
"Langnese Flotte Biene Bio-Blütenhonig 250g","Langnese Honig","4023300919908","3.49","250g (1 kg = 13,96 €)","Brot, Cerealien & Aufstriche","False","https://img.rewe-static.de/7063549/26681995_digital-image.png"
"Kölln Müsli Nuss & Krokant 500g","Kölln","4000540011364","3.79","500g (1 kg = 7,58 €)","Brot, Cerealien & Aufstriche","False","https://img.rewe-static.de/2537819/30585587_digital-image.png"
"Harry Sammys Super Sandwich 375g","Harry","4071800001241","1.69","375g (1 kg = 4,51 €)","Brot, Cerealien & Aufstriche","False","https://img.rewe-static.de/9606181/1673020_digital-image.png"
"Kölln Bio Dinkelkorn Flocken 450g","Kölln","4000540020601","3.29","450g (1 kg = 7,31 €)","Brot, Cerealien & Aufstriche","False","https://img.rewe-static.de/2849603/26012517_digital-image.png"
"Burger Knäcke Roggen kernig 250g","Burger","4012970013863","1.69","250g (1 kg = 6,76 €)","Brot, Cerealien & Aufstriche","False","https://img.rewe-static.de/8585594/33505318_digital-image.png"
"Wasa Knäckebrot Selection Mohn & Meersalz 245g","Wasa","7300400482172","2.49","245g (1 kg = 10,16 €)","Brot, Cerealien & Aufstriche","False","https://img.rewe-static.de/8298457/29347366_digital-image.png"
"Schwartau Samt Brombeere Fruchtaufstrich ohne Stücke & ohne Kerne 270g","Schwartau","4011800176815","2.99","270g (1 kg = 11,07 €)","Brot, Cerealien & Aufstriche","False","https://img.rewe-static.de/8295686/29511116_digital-image.png"
"Brandt Zwieback Minis Schoko Vollkorn 115g","Brandt","4013752078742","1.99","115g (1 kg = 17,30 €)","Brot, Cerealien & Aufstriche","False","https://img.rewe-static.de/8754758/36289883_digital-image.png"
"Zentis Frühstückskonfitüre Schwarzkirsche Extra 230g","Zentis","4002575629118","1.89","230g (1 kg = 8,22 €)","Brot, Cerealien & Aufstriche","False","https://img.rewe-static.de/7787329/36111906_digital-image.png"
"REWE frei von Bio Früchtemüsli glutenfrei 400g","REWE frei von","4337256162326","2.99","400g (1 kg = 7,48 €)","Brot, Cerealien & Aufstriche","False","https://img.rewe-static.de/8138988/29280437_digital-image.png"
"Mühlhäuser Thüringer Pflaumenmus stückig 450g","Mühlhäuser","4026701003337","2.29","450g (1 kg = 5,09 €)","Brot, Cerealien & Aufstriche","False","https://img.rewe-static.de/8936595/7299290_digital-image.png"
"REWE Bio Beeren Crunchy 500g","REWE Bio","4337256398978","2.79","500g (1 kg = 5,58 €)","Brot, Cerealien & Aufstriche","False","https://img.rewe-static.de/8277708/29953037_digital-image.png"
"Schwartau Extra Fruchtaufstrich Erdbeere Zero 280g","Schwartau","4011800843113","2.69","280g (1 kg = 9,61 €)","Brot, Cerealien & Aufstriche","False","https://img.rewe-static.de/8833084/37459405_digital-image.png"
"Schwartau Extra Himbeer-Johannisbeer Gelee 340g","Schwartau","4011800841010","2.89","340g (1 kg = 8,50 €)","Brot, Cerealien & Aufstriche","False","https://img.rewe-static.de/9274790/7479300_digital-image.png"
"Mühlhäuser Thüringer Pflaumenmus pastös 450g","Mühlhäuser","4026701011110","2.29","450g (1 kg = 5,09 €)","Brot, Cerealien & Aufstriche","False","https://img.rewe-static.de/6433502/664650_digital-image.png"
"Harry Laugenknoten","Harry","2193900000008","0.49","1 Stück","Brot, Cerealien & Aufstriche","False","https://img.rewe-static.de/1280387/22199187_digital-image.png"
"Schwartau Extra Wildbeeren Gelee 340g","Schwartau","4011800841911","2.89","340g (1 kg = 8,50 €)","Brot, Cerealien & Aufstriche","False","https://img.rewe-static.de/9282661/6146810_digital-image.png"
"Harry Kürbiskernbrot geschnitten","Harry","2200890000007","2.12","1 Stück ca. 800 g (1 kg = 2,65 €)","Brot, Cerealien & Aufstriche","False","https://img.rewe-static.de/0881413/27231630_digital-image.png"
"Ibis Sandwich Baguettes Brioche 340g","Ibis","4012263028802","2.39","340g (1 kg = 7,03 €)","Brot, Cerealien & Aufstriche","False","https://img.rewe-static.de/8460273/31466789_digital-image.png"
"Corny Haferkraft & Skyr Vanille 3x40g","CORNY","4011800399719","2.49","3x40g (1 kg = 20,75 €)","Brot, Cerealien & Aufstriche","False","https://img.rewe-static.de/8883886/41166471_digital-image.png"
"Kölln Schokoladiges Hafer-Porridge 375g","Kölln","4000540010732","3.49","375g (1 kg = 9,31 €)","Brot, Cerealien & Aufstriche","False","https://img.rewe-static.de/8298800/29169427_digital-image.png"
"Dr. Oetker Kleine Zitronenkuchen 140g","Dr. Oetker","4000521030292","2.69","140g (1 kg = 19,21 €)","Brot, Cerealien & Aufstriche","False","https://img.rewe-static.de/8899498/38461297_digital-image.png"
"Harry Eiweissbrot 500g","Harry","4071800041766","2.59","500g (1 kg = 5,18 €)","Brot, Cerealien & Aufstriche","False","https://img.rewe-static.de/3024824/25790326_digital-image.png"
"Käse-Zwiebel Brötchen","NA","4071800034850","0.49","1 Stück","Brot, Cerealien & Aufstriche","False","https://img.rewe-static.de/2306370/23629924_digital-image.png"
"Schwartau Samt Rote Früchte Fruchtaufstrich ohne Stücke & ohne Kerne 270g","Schwartau","4011800177218","2.69","270g (1 kg = 9,96 €)","Brot, Cerealien & Aufstriche","False","https://img.rewe-static.de/8085674/29412155_digital-image.png"
"REWE Beste Wahl Vollkorn Brötchen 510g","REWE Beste Wahl","4337256712194","2.69","510g (1 kg = 5,27 €)","Brot, Cerealien & Aufstriche","False","https://img.rewe-static.de/7726939/38387830_digital-image.png"
"Corny Süß & Salzig Erdnuss 6x25g","CORNY","4011800571719","1.79","150g (1 kg = 11,93 €)","Brot, Cerealien & Aufstriche","False","https://img.rewe-static.de/7224262/46209438_digital-image.png"
"Schär Meisterbäckers Classic Softe Scheiben glutenfrei laktosefrei 330g","Schär","8008698027400","3.19","330g (1 kg = 9,67 €)","Brot, Cerealien & Aufstriche","False","https://img.rewe-static.de/8752039/35660719_digital-image.png"
"Seitenbacher Müsli für Sportliche 750g","Seitenbacher","4008391008205","5.99","750g (1 kg = 7,99 €)","Brot, Cerealien & Aufstriche","False","https://img.rewe-static.de/6194338/3039730_digital-image.png"
"Bihophar Imker-Honig streichzart 500g","Bihophar","40555584","4.89","500g (1 kg = 9,78 €)","Brot, Cerealien & Aufstriche","False","https://img.rewe-static.de/2634929/3885060_digital-image.png"
"Schär Knusperbrot glutenfrei 150g","Schär","8008698007303","1.99","150g (1 kg = 13,27 €)","Brot, Cerealien & Aufstriche","False","https://img.rewe-static.de/1108080/22880437_digital-image.png"
"Harry 1688 Mehrkornbrot 500g","Harry","4071800000992","1.89","500g (1 kg = 3,78 €)","Brot, Cerealien & Aufstriche","False","https://img.rewe-static.de/2577909/3095980_digital-image.png"
"Langnese Flotte Biene Wildblüten-Honig 250g","Langnese Honig","4023300901101","2.99","250g (1 kg = 11,96 €)","Brot, Cerealien & Aufstriche","False","https://img.rewe-static.de/2792850/3493800_digital-image.png"
"Bakerman Börekstange Hackfleisch","NA","2178570000008","0.99","1 Stück","Brot, Cerealien & Aufstriche","False","https://img.rewe-static.de/7258547/27797538_digital-image.png"
"Schär Meisterbäckers Mehrkorn Softe Scheiben glutenfrei laktosefrei 330g","Schär","8008698027424","3.19","330g (1 kg = 9,67 €)","Brot, Cerealien & Aufstriche","False","https://img.rewe-static.de/7797735/35660753_digital-image.png"
"Bahlsen Comtess Kuchen Haselnuss 350g","Bahlsen","4017100451041","2.99","350g (1 kg = 8,54 €)","Brot, Cerealien & Aufstriche","False","https://img.rewe-static.de/2282436/23852158_digital-image.png"
"Schär Super Sandwich glutenfrei 280g","Schär","8008698029060","3.49","280g (1 kg = 12,46 €)","Brot, Cerealien & Aufstriche","False","https://img.rewe-static.de/8557544/34579919_digital-image.png"
"Zentis Erdnussbutter Creamy 350g","Zentis","4002575610635","1.99","350g (1 kg = 5,69 €)","Brot, Cerealien & Aufstriche","True","https://img.rewe-static.de/8015649/30739818_digital-image.png"
"REWE Beste Wahl Chia Brötchen 320g","REWE Beste Wahl","4337256735841","2.39","320g (1 kg = 7,47 €)","Brot, Cerealien & Aufstriche","False","https://img.rewe-static.de/2815866/25432882_digital-image.png"
"Harry Körner Balance Toast 500g","Harry","4071800038797","1.89","500g (1 kg = 3,78 €)","Brot, Cerealien & Aufstriche","False","https://img.rewe-static.de/2757367/25048769_digital-image.png"
"Mestemacher Gourmet-Pumpernickel 250g","Mestemacher","4000446001216","1.89","250g (1 kg = 7,56 €)","Brot, Cerealien & Aufstriche","False","https://img.rewe-static.de/9142460/4769670_digital-image.png"
"REWE Bio Kürbiskern-Brötchen 300g","REWE Bio","4337256111928","2.29","300g (1 kg = 7,63 €)","Brot, Cerealien & Aufstriche","True","https://img.rewe-static.de/0198343/3067350_digital-image.png"
"Mühlhäuser Thüringer Pflaumenmus 225g","Mühlhäuser","4026701022222","1.49","225g (1 kg = 6,62 €)","Brot, Cerealien & Aufstriche","False","https://img.rewe-static.de/7368500/7453110_digital-image.png"
"Brandt Der Markenzwieback 225g","Brandt","4013752019004","1.49","225g (1 kg = 6,62 €)","Brot, Cerealien & Aufstriche","False","https://img.rewe-static.de/0784842/26346456_digital-image.png"
"Harry Vollkornbrot 500g","Harry","4071800003689","1.69","500g (1 kg = 3,38 €)","Brot, Cerealien & Aufstriche","False","https://img.rewe-static.de/1472232/1432180_digital-image.png"
"REWE Beste Wahl Sanft & Fruchtig Erdbeere 270g","REWE Beste Wahl","4337256641746","1.29","270g (1 kg = 4,78 €)","Brot, Cerealien & Aufstriche","False","https://img.rewe-static.de/7014366/26716008_digital-image.png"
"Mestemacher Hafervollkornbrot Unser Pures 300g","Mestemacher","4000446011628","2.69","300g (1 kg = 8,97 €)","Brot, Cerealien & Aufstriche","False","https://img.rewe-static.de/8034633/30724927_digital-image.png"
"REWE Feine Welt Italiens Backkunst Ciabatta 300g","REWE Feine Welt","4337256290579","1.99","300g (1 kg = 6,63 €)","Brot, Cerealien & Aufstriche","False","https://img.rewe-static.de/0896668/5859910_digital-image.png"
"Harry Premiumkrüstchen 6x80g","Harry","4071800034805","2.39","6x480g (1 kg = 4,98 €)","Brot, Cerealien & Aufstriche","False","https://img.rewe-static.de/2306438/23438935_digital-image.png"
"Biozentrale Bio Brotaufstrich Bärlauch 125g","biozentrale","4005009100863","2.49","125g (1 kg = 19,92 €)","Brot, Cerealien & Aufstriche","False","https://img.rewe-static.de/1100928/23477479_digital-image.png"
"Harry Rosinenstuten 400g","Harry","4071800001333","2.29","400g (1 kg = 5,73 €)","Brot, Cerealien & Aufstriche","False","https://img.rewe-static.de/4979907/2932470_digital-image.png"
"REWE Bio Reiswaffeln Zartbitter 100g","REWE Bio","4337256465755","1.69","100g (1 kg = 16,90 €)","Brot, Cerealien & Aufstriche","False","https://img.rewe-static.de/8281895/29777097_digital-image.png"
"Dinkelbrötchen Soblukern","NA","4071800058894","0.39","1 Stück","Brot, Cerealien & Aufstriche","False","https://img.rewe-static.de/9014945/42467519_digital-image.png"
"Schwartau Samt Kirsche Fruchtaufstrich ohne Stücke & ohne Kerne 270g","Schwartau","4011800177010","2.69","270g (1 kg = 9,96 €)","Brot, Cerealien & Aufstriche","False","https://img.rewe-static.de/8085685/29412208_digital-image.png"
"REWE Bio Blütenhonig 350g","REWE Bio","4337256601887","2.59","350g (1 kg = 7,40 €)","Brot, Cerealien & Aufstriche","False","https://img.rewe-static.de/7226966/28086976_digital-image.png"
"REWE Feine Welt Brioche Francaise 400g","REWE Feine Welt","4337256584531","2.89","400g (1 kg = 7,23 €)","Brot, Cerealien & Aufstriche","False","https://img.rewe-static.de/2239509/28302645_digital-image.png"
"Corny Free Schoko 6x20g","CORNY","4011800571214","1.79","6x20g (1 kg = 14,92 €)","Brot, Cerealien & Aufstriche","False","https://img.rewe-static.de/0544810/777650_digital-image.png"
"REWE Bio Schoko-Crunchy 500g","REWE Bio","4337256609258","2.49","500g (1 kg = 4,98 €)","Brot, Cerealien & Aufstriche","False","https://img.rewe-static.de/7952948/33097848_digital-image.png"
"Wasa Knäckebrot Rustikal 275g","Wasa","7300400114745","2.39","275g (1 kg = 8,69 €)","Brot, Cerealien & Aufstriche","False","https://img.rewe-static.de/1995073/674470_digital-image.png"
"Harry Karottenkrüstchen","Harry","4071800049069","0.45","1 Stück","Brot, Cerealien & Aufstriche","False","https://img.rewe-static.de/8084071/29282416_digital-image.png"
"REWE Beste Wahl Duo Schoko-Creme 400g","REWE Beste Wahl","4337256635547","2.19","400g (1 kg = 5,48 €)","Brot, Cerealien & Aufstriche","False","https://img.rewe-static.de/1413012/26688096_digital-image.png"
"Mövenpick Gourmet-Frühstück Waldfrucht Fruchtaufstrich 250g","Mövenpick","4011800207014","3.19","250g (1 kg = 12,76 €)","Brot, Cerealien & Aufstriche","False","https://img.rewe-static.de/6665497/2857870_digital-image.png"
"REWE Bio Cornflakes ungesüsst 375g","REWE Bio","4337256818506","1.89","375g (1 kg = 5,04 €)","Brot, Cerealien & Aufstriche","False","https://img.rewe-static.de/9078265/42980663_digital-image.png"
"REWE Beste Wahl Eiersalat mit Schnittlauch 200g","REWE Beste Wahl","4337256834056","1.79","200g (1 kg = 8,95 €)","Brot, Cerealien & Aufstriche","False","https://img.rewe-static.de/8386272/30799424_digital-image.png"
"Mövenpick Gourmet-Frühstück Himbeeren Fruchtaufstrich 250g","Mövenpick","4011800201029","2.79","250g (1 kg = 11,16 €)","Brot, Cerealien & Aufstriche","False","https://img.rewe-static.de/5074134/3631210_digital-image.png"
"Mövenpick Gourmet-Crème Erdbeere Fruchtaufstrich 250g","Mövenpick","4011800216221","2.79","250g (1 kg = 11,16 €)","Brot, Cerealien & Aufstriche","False","https://img.rewe-static.de/8095686/29279815_digital-image.png"
"REWE Bio Streichcreme Süßkartoffel Dattel Curry vegan 180g","REWE Bio","4337256785631","1.25","180g (1 kg = 6,94 €)","Brot, Cerealien & Aufstriche","False","https://img.rewe-static.de/9144270/43213316_digital-image.png"
"REWE Beste Wahl Dinkel Baguette 200g","REWE Beste Wahl","4337256704694","1.99","250g (1 kg = 7,96 €)","Brot, Cerealien & Aufstriche","False","https://img.rewe-static.de/8060891/29976941_digital-image.png"
"Harry Bäckerfrisch Krustenbrot 500g","Harry","4071800004372","1.69","500g (1 kg = 3,38 €)","Brot, Cerealien & Aufstriche","False","https://img.rewe-static.de/1049488/2428210_digital-image.png"
"Dan Cake Gefüllte Kleinkuchen 250g","Dan Cake","5709152014549","1.59","250g (1 kg = 6,36 €)","Brot, Cerealien & Aufstriche","False","https://img.rewe-static.de/6292631/3633780_digital-image.png"
"Schär Landbrot Mehrkorn glutenfrei 250g","Schär","8008698022214","2.99","250g (1 kg = 11,96 €)","Brot, Cerealien & Aufstriche","False","https://img.rewe-static.de/3339804/28591862_digital-image.png"
"Corny Haferkraft Haselnuss Zero 4x35g","CORNY","4011800599614","1.79","4x35g (1 kg = 12,79 €)","Brot, Cerealien & Aufstriche","False","https://img.rewe-static.de/7734570/39730644_digital-image.png"
"REWE Bio Mehrkorn-Brötchen 300g","REWE Bio","4337256110143","2.79","300g (1 kg = 9,30 €)","Brot, Cerealien & Aufstriche","False","https://img.rewe-static.de/0198410/1013000_digital-image.png"
"Schwartau Samt Aprikose Fruchtaufstrich ohne Stücke & ohne Kerne 270g","Schwartau","4011800176310","2.69","270g (1 kg = 9,96 €)","Brot, Cerealien & Aufstriche","False","https://img.rewe-static.de/8085646/29270526_digital-image.png"
"REWE Feine Welt Ciabatta Urwaldpfeffer 300g","REWE Feine Welt","4337256705950","2.99","300g (1 kg = 9,97 €)","Brot, Cerealien & Aufstriche","False","https://img.rewe-static.de/7586130/41548533_digital-image.png"
"REWE Bio Naturland Vollkorn Knusperknäcke 200g","REWE Bio","4337256649070","2.29","200g (1 kg = 11,45 €)","Brot, Cerealien & Aufstriche","False","https://img.rewe-static.de/7662154/40191693_digital-image.png"
"Finn Crisp Snacks Sour Cream & Onion 150g","Finn Crisp","7310130010354","2.99","150g (1 kg = 19,93 €)","Brot, Cerealien & Aufstriche","False","https://img.rewe-static.de/8033537/30551481_digital-image.png"
"REWE Bio Konfitüre Extra Erdbeeren 330g","REWE Bio","4337256842679","1.69","330g (1 kg = 5,12 €)","Brot, Cerealien & Aufstriche","False","https://img.rewe-static.de/9067380/43993676_digital-image.png"
"Biozentrale Bio Brotaufstrich Joghurt Tomate-Basilikum 125g","biozentrale","4005009106728","2.49","125g (1 kg = 19,92 €)","Brot, Cerealien & Aufstriche","False","https://img.rewe-static.de/1160057/24220327_digital-image.png"
"Rewe Beste Wahl Sanft & Fruchtig Aprikose 270g","REWE Beste Wahl","4337256635806","1.29","270g (1 kg = 4,78 €)","Brot, Cerealien & Aufstriche","False","https://img.rewe-static.de/7014151/26716006_digital-image.png"
"Burger Zwieback 400g","Burger","4012970020465","2.49","400g (1 kg = 6,23 €)","Brot, Cerealien & Aufstriche","False","https://img.rewe-static.de/8308047/3241840_digital-image.png"
"Kuchenmeister Mini Croissants 300g","Kuchenmeister","8412452100962","2.19","300g (1 kg = 7,30 €)","Brot, Cerealien & Aufstriche","False","https://img.rewe-static.de/9251120/6784680_digital-image.png"
"Kölln Balance zarte Flocken glutenfrei 500g","Kölln","4000540000177","2.99","500g (1 kg = 5,98 €)","Brot, Cerealien & Aufstriche","False","https://img.rewe-static.de/7000476/26324726_digital-image.png"
"Smashed Best Taste Mehrkorn Bagel 300g","NA","5900864781174","1.89","300g (1 kg = 6,30 €)","Brot, Cerealien & Aufstriche","False","https://img.rewe-static.de/7751538/36666393_digital-image.png"
"Bakerman Pizza-Donut Salami","NA","2747630000007","1.29","1 Stück","Brot, Cerealien & Aufstriche","False","https://img.rewe-static.de/8321202/29519459_digital-image.png"
"Kölln Müsli Knusper-Joghurt-Himbeer 30% weniger Fett 500g","Kölln","4000540003567","3.79","500g (1 kg = 7,58 €)","Brot, Cerealien & Aufstriche","False","https://img.rewe-static.de/0890823/46504994_digital-image.png"
"Kölln Bio Schmelzflocken 250g","Kölln","4000540002508","1.79","250g (1 kg = 7,16 €)","Brot, Cerealien & Aufstriche","False","https://img.rewe-static.de/0157929/24669421_digital-image.png"
"Golden Toast Buttertoast 500g","Golden Toast","4009249019916","1.89","500g (1 kg = 3,78 €)","Brot, Cerealien & Aufstriche","False","https://img.rewe-static.de/7179927/2482980_digital-image.png"
"Nudossi Nuss Nougat Crème 300g","Nudossi","4018087009331","2.99","300g (1 kg = 9,97 €)","Brot, Cerealien & Aufstriche","False","https://img.rewe-static.de/7060870/26737671_digital-image.png"
"REWE Bio Dinkel Flakes 400g","REWE Bio","4337256739689","2.49","400g (1 kg = 6,23 €)","Brot, Cerealien & Aufstriche","False","https://img.rewe-static.de/9026176/42137118_digital-image.png"
"Milka Küchlein Choc&Choc 175g","Milka","7622210396334","2.49","175g (1 kg = 14,23 €)","Brot, Cerealien & Aufstriche","False","https://img.rewe-static.de/2547895/24870292_digital-image.png"
"Schwartau Weniger Zucker Himbeere 300g","Schwartau","4011800844417","2.69","300g (1 kg = 8,97 €)","Brot, Cerealien & Aufstriche","False","https://img.rewe-static.de/8062425/30779568_digital-image.png"
"REWE Bio Pumpernickel 250g","REWE Bio","4337256223041","1.09","250g (1 kg = 4,36 €)","Brot, Cerealien & Aufstriche","False","https://img.rewe-static.de/1032440/10612110_digital-image.png"
"Harry Brioche Brötchen 4 Stück 220g","Harry","4071800060484","1.69","220g (1 kg = 7,68 €)","Brot, Cerealien & Aufstriche","False","https://img.rewe-static.de/9938289/46661417_digital-image.png"
"Langnese Feine Auslese Landhonig feincremig 500g","Langnese Honig","4023300492135","4.49","500g (1 kg = 8,98 €)","Brot, Cerealien & Aufstriche","False","https://img.rewe-static.de/0557390/1970140_digital-image.png"
"Dermaris Pizza-Brötchen natur 250g","Dermaris","4260152949398","2.29","250g (1 kg = 9,16 €)","Brot, Cerealien & Aufstriche","False","https://img.rewe-static.de/1439807/21344536_digital-image.png"
"Ibis XXL Sandwich Baguettes 340g","Ibis","4012263025566","2.39","340g (1 kg = 7,03 €)","Brot, Cerealien & Aufstriche","False","https://img.rewe-static.de/7150489/27195200_digital-image.png"
"Harry 1688 Kleines Sonnenkern 250g","Harry","4071800053479","1.59","250g (1 kg = 6,36 €)","Brot, Cerealien & Aufstriche","False","https://img.rewe-static.de/8508729/32234563_digital-image.png"
"Schwartau Samt Himbeere Fruchtaufstrich ohne Stücke & ohne Kerne 270g","Schwartau","4011800176211","2.69","270g (1 kg = 9,96 €)","Brot, Cerealien & Aufstriche","False","https://img.rewe-static.de/8295987/29270523_digital-image.png"
"Harry Vollkorn Sonnenbatzen 750g","Harry","4071800008912","1.99","750g (1 kg = 2,65 €)","Brot, Cerealien & Aufstriche","False","https://img.rewe-static.de/4620003/22199197_digital-image.png"
"Schär Mini-Baguette glutenfrei 150g","Schär","8008698003213","2.39","150g (1 kg = 15,93 €)","Brot, Cerealien & Aufstriche","False","https://img.rewe-static.de/1108133/22762626_digital-image.png"
"Burger Urtyp Knäckebrot 250g","Burger","4012970011715","1.69","250g (1 kg = 6,76 €)","Brot, Cerealien & Aufstriche","False","https://img.rewe-static.de/6260853/920910_digital-image.png"
"Schwartau Samt Erdbeer-Vanille Fruchtaufstrich ohne Stücke & ohne Kerne 270g","Schwartau","4011800176617","2.89","270g (1 kg = 10,70 €)","Brot, Cerealien & Aufstriche","False","https://img.rewe-static.de/8307880/29603507_digital-image.png"
"Lambertz Amerikaner glasiert 220g","Lambertz","4006894202106","1.99","220g (1 kg = 9,05 €)","Brot, Cerealien & Aufstriche","False","https://img.rewe-static.de/8321900/29411991_digital-image.png"
"Weizenmischbrot 1kg","NA","2192290000001","1.99","1000g","Brot, Cerealien & Aufstriche","False","https://img.rewe-static.de/0717754/27118927_digital-image.png"
"7 Days Double Croissants Kakao-Vanille 4x60g","7 Days","7622202010231","2.59","4x60g (1 kg = 10,79 €)","Brot, Cerealien & Aufstriche","False","https://img.rewe-static.de/1387217/23714443_digital-image.png"
"Bakerman Laugendreieck Butter","NA","20981792","0.85","1 Stück","Brot, Cerealien & Aufstriche","False","https://img.rewe-static.de/8587479/33010622_digital-image.png"
"REWE Beste Wahl Fruchtaufstrich Erdbeere 300g","REWE Beste Wahl","4337256666909","1.49","300g (1 kg = 4,97 €)","Brot, Cerealien & Aufstriche","False","https://img.rewe-static.de/8961374/40437438_digital-image.png"
"Harry Bio Pures Haferbrot 300g","Harry","4071800059822","2.79","300g (1 kg = 9,30 €)","Brot, Cerealien & Aufstriche","False","https://img.rewe-static.de/9949168/46625662_digital-image.png"
"REWE Feine Welt Lavendelhonig aus Frankreich 250g","REWE Feine Welt","4388844029286","5.49","250g (1 kg = 21,96 €)","Brot, Cerealien & Aufstriche","False","https://img.rewe-static.de/1020190/8070720_digital-image.png"
"Bakerman Geflügelrolle Premium","NA","2281270000008","1.19","1 Stück","Brot, Cerealien & Aufstriche","False","https://img.rewe-static.de/7004068/26755997_digital-image.png"
"Schwartau Extra 3 Beeren passiert 340g","Schwartau","4011800840112","2.89","340g (1 kg = 8,50 €)","Brot, Cerealien & Aufstriche","False","https://img.rewe-static.de/7862868/34885771_digital-image.png"
"Brandt Stipp- & Suppenzwieback 400g","Brandt","4013752053008","2.09","400g (1 kg = 5,23 €)","Brot, Cerealien & Aufstriche","False","https://img.rewe-static.de/4617100/2572560_digital-image.png"
"Deli Reform Bio Gemüse auf Brot Pilze 150g","Deli Reform","40264738","2.69","150g (1 kg = 17,93 €)","Brot, Cerealien & Aufstriche","False","https://img.rewe-static.de/3280761/26851246_digital-image.png"
"Schwartau Samt Johannisbeere Fruchtaufstrich ohne Stücke & ohne Kerne 270g","Schwartau","4011800176518","2.69","270g (1 kg = 9,96 €)","Brot, Cerealien & Aufstriche","False","https://img.rewe-static.de/8294564/29412011_digital-image.png"
"Aryzta Laugenkranz Mohn","NA","2183670000001","1.79","280g (1 kg = 6,39 €)","Brot, Cerealien & Aufstriche","False","https://img.rewe-static.de/8756857/35951909_digital-image.png"
"Dovgan Chalwa Vanillegeschmack 50g","Dovgan","5902097150956","0.79","50g (1 kg = 15,80 €)","Brot, Cerealien & Aufstriche","False","https://img.rewe-static.de/1295841/23930042_digital-image.png"
"Popp Brotaufstrich Käse-Obst 150g","Popp","4045800494266","1.79","150g (1 kg = 11,93 €)","Brot, Cerealien & Aufstriche","False","https://img.rewe-static.de/6475396/27724966_digital-image.png"
"Schwartau Extra Erdbeere 340g","Schwartau","4011800840518","2.69","340g (1 kg = 7,91 €)","Brot, Cerealien & Aufstriche","False","https://img.rewe-static.de/9273913/14218330_digital-image.png"
"Dreyer Deutscher Imkerhonig Blütenhonig 500g","Dreyer","4009265003609","6.49","500g (1 kg = 12,98 €)","Brot, Cerealien & Aufstriche","False","https://img.rewe-static.de/4935853/27830244_digital-image.png"
"Pascal & Ernest Madeleines longues 250g","Pascal Ernest","4260121235118","1.79","250g (1 kg = 7,16 €)","Brot, Cerealien & Aufstriche","False","https://img.rewe-static.de/8384540/30278107_digital-image.png"
"REWE Beste Wahl Hot Dog Rolls Brioche 6 Stück","REWE Beste Wahl","4337256754453","2.49","270g (1 kg = 9,22 €)","Brot, Cerealien & Aufstriche","False","https://img.rewe-static.de/8273841/29260636_digital-image.png"
"REWE Bio Streichcreme Rote Bete-Meerrettich 180g","REWE Bio","4337256398930","1.25","180g (1 kg = 6,94 €)","Brot, Cerealien & Aufstriche","False","https://img.rewe-static.de/2746694/27258022_digital-image.png"
"Kölln Hafer-Porridge Feine Basis 375g","Kölln","4000540000719","3.49","375g (1 kg = 9,31 €)","Brot, Cerealien & Aufstriche","False","https://img.rewe-static.de/8525431/32693989_digital-image.png"
"REWE Beste Wahl Fruchtaufstrich Sauerkirsche 300g","REWE Beste Wahl","4337256662369","1.49","300g (1 kg = 4,97 €)","Brot, Cerealien & Aufstriche","False","https://img.rewe-static.de/7664043/40437638_digital-image.png"
"Kölln Müsli Knusper Schoko feinherb 500g","Kölln","4000540003420","3.79","500g (1 kg = 7,58 €)","Brot, Cerealien & Aufstriche","False","https://img.rewe-static.de/0889159/10663390_digital-image.png"
"Burger Ballaststoff Knäckebrot 250g","Burger","4012970011166","1.69","250g (1 kg = 6,76 €)","Brot, Cerealien & Aufstriche","False","https://img.rewe-static.de/9338306/2264570_digital-image.png"
"Harry Vollkorn-Toast 250g","Harry","4071800000640","1.29","250g (1 kg = 5,16 €)","Brot, Cerealien & Aufstriche","False","https://img.rewe-static.de/4922239/5332540_digital-image.png"
"Harry Sammy's kerniges Sandwich 375g","Harry","4071800058818","1.89","375g (1 kg = 5,04 €)","Brot, Cerealien & Aufstriche","False","https://img.rewe-static.de/9088343/43166456_digital-image.png"
"Harry Kürbiskernbrot 750g","Harry","2156270000009","1.99","750g (1 kg = 2,65 €)","Brot, Cerealien & Aufstriche","False","https://img.rewe-static.de/6729924/3298940_digital-image.png"
"Harry Landbrot Roggenmisch 1kg","Harry","2155380000008","1.99","1000g","Brot, Cerealien & Aufstriche","False","https://img.rewe-static.de/1360221/2747540_digital-image.png"
"Schwartau Schoko Mac 400g","Schwartau","4011800081003","2.89","400g (1 kg = 7,23 €)","Brot, Cerealien & Aufstriche","False","https://img.rewe-static.de/4036239/3738610_digital-image.png"
"Schwartau Samt Mango Fruchtaufstrich ohne Stücke & ohne Kerne 270g","Schwartau","4011800176716","2.69","270g (1 kg = 9,96 €)","Brot, Cerealien & Aufstriche","False","https://img.rewe-static.de/8293882/29412152_digital-image.png"
"Nestlé Cerealien Mix 6 Stück 200g","Nestlé","8445290292056","3.99","200g (1 kg = 19,95 €)","Brot, Cerealien & Aufstriche","False","https://img.rewe-static.de/8774451/36185529_digital-image.png"
"Schär Mehrkornbrötchen glutenfrei 210g","Schär","8008698013175","2.69","210g (1 kg = 12,81 €)","Brot, Cerealien & Aufstriche","False","https://img.rewe-static.de/2315372/24037579_digital-image.png"
"REWE Feine Welt Veganes Lemon Curd 250g","REWE Feine Welt","4337256429856","1.69","250g (1 kg = 6,76 €)","Brot, Cerealien & Aufstriche","False","https://img.rewe-static.de/8751864/36851075_digital-image.png"
"Brandt Mini Markenzwieback 100g","Brandt","4013752040541","1.99","100g (1 kg = 19,90 €)","Brot, Cerealien & Aufstriche","False","https://img.rewe-static.de/8753521/35799437_digital-image.png"
"Zentis Frühstücks-Gelee Johannisbeere 230g","Zentis","4002575629170","1.89","230g (1 kg = 8,22 €)","Brot, Cerealien & Aufstriche","False","https://img.rewe-static.de/7782466/39263542_digital-image.png"
"Biozentrale Bio Waldhonig 350g","biozentrale","4005009100955","5.99","350g (1 kg = 17,11 €)","Brot, Cerealien & Aufstriche","False","https://img.rewe-static.de/1104652/23477735_digital-image.png"
"Gab Roggenstügger 540g","NA","4071800053509","1.69","540g (1 kg = 3,13 €)","Brot, Cerealien & Aufstriche","False","https://img.rewe-static.de/8508213/32647964_digital-image.png"
"Glockenbrot Zwiebelbaguette 250g","Glockenbrot","2155390000005","0.99","250g (1 kg = 3,96 €)","Brot, Cerealien & Aufstriche","False","https://img.rewe-static.de/1973819/22562027_digital-image.png"
"Popp Brotaufstrich Ei-Bacon-Salat 200g","Popp","4045800770827","2.19","200g (1 kg = 10,95 €)","Brot, Cerealien & Aufstriche","False","https://img.rewe-static.de/1173956/22321619_digital-image.png"
"Dr. Oetker Vitalis Knuspermüsli klassisch 600g","Dr. Oetker","4000521661205","3.99","600g (1 kg = 6,65 €)","Brot, Cerealien & Aufstriche","False","https://img.rewe-static.de/0521604/3489410_digital-image.png"
"Seitenbacher Müsli Verwöhner-Mischung 750g","Seitenbacher","4008391041721","5.99","750g (1 kg = 7,99 €)","Brot, Cerealien & Aufstriche","False","https://img.rewe-static.de/6194354/3279700_digital-image.png"
"Vitalis Knusper Müsli Plus Honig-Mandel 450g","Dr. Oetker","4000521021917","3.99","450g (1 kg = 8,87 €)","Brot, Cerealien & Aufstriche","False","https://img.rewe-static.de/8095948/29603445_digital-image.png"
"Midi Ciaocio 350g","NA","8004905550334","2.59","350g (1 kg = 7,40 €)","Brot, Cerealien & Aufstriche","False","https://img.rewe-static.de/2746612/25923369_digital-image.png"
"Mestemacher Pumpernickel 250g","Mestemacher","4000446001025","1.29","250g (1 kg = 5,16 €)","Brot, Cerealien & Aufstriche","False","https://img.rewe-static.de/8965838/849880_digital-image.png"
"Argico Brotaufstrich aus Lachs mit Reis 156g","NA","5904075008631","0.99","156g (1 kg = 6,35 €)","Brot, Cerealien & Aufstriche","False","https://img.rewe-static.de/1265506/31500841_digital-image.png"
"REWE Bio Haferflocken kernig 500g","REWE Bio","4337256538596","0.89","500g (1 kg = 1,78 €)","Brot, Cerealien & Aufstriche","False","https://img.rewe-static.de/7732292/37869727_digital-image.png"
"Harry Anno 1688 Weizenmischbrot Rustikal 500g","Harry","4071800051314","2.29","500g (1 kg = 4,58 €)","Brot, Cerealien & Aufstriche","False","https://img.rewe-static.de/8412962/30761905_digital-image.png"
"REWE Beste Wahl Schokobrötchen 360g","REWE Beste Wahl","4337256170741","1.99","360g (1 kg = 5,53 €)","Brot, Cerealien & Aufstriche","False","https://img.rewe-static.de/7273139/28879859_digital-image.png"
"Nestlé Fitness Frühstückscerealien mit 58% Vollkorn 375g","Nestlé","3387390339499","3.79","375g (1 kg = 10,11 €)","Brot, Cerealien & Aufstriche","False","https://img.rewe-static.de/8416729/21247366_digital-image.png"
"Schwartau Weniger Zucker Aprikose 300g","Schwartau","4011800844011","2.69","300g (1 kg = 8,97 €)","Brot, Cerealien & Aufstriche","False","https://img.rewe-static.de/8330526/30420775_digital-image.png"
"Dreyer Rapshonig 125g","Dreyer","4009265041700","1.99","125g (1 kg = 15,92 €)","Brot, Cerealien & Aufstriche","False","https://img.rewe-static.de/0024032/29359309_digital-image.png"
"Schwartau Gelee nach Hausfrauenart Rote Johannisbeere 200g","Schwartau","40118024","2.49","200g (1 kg = 12,45 €)","Brot, Cerealien & Aufstriche","False","https://img.rewe-static.de/7077875/27057464_digital-image.png"
"Schär Meisterbäckers Vital glutenfrei laktosefrei 350g","Schär","8008698038734","3.19","350g (1 kg = 9,11 €)","Brot, Cerealien & Aufstriche","False","https://img.rewe-static.de/7796555/35660756_digital-image.png"
"Bakerman Bienenstich Plunder","NA","2763120000005","0.89","1 Stück","Brot, Cerealien & Aufstriche","False","https://img.rewe-static.de/8274604/29148866_digital-image.png"
"REWE Bio + vegan Streichcreme Tomate, Paprika, Belugalinse & Balsamico 180g","REWE Bio","4337256396424","1.25","180g (1 kg = 6,94 €)","Brot, Cerealien & Aufstriche","False","https://img.rewe-static.de/8446878/32021279_digital-image.png"
"Burger Knäckebrot Leinsamen 250 g","Burger","4012970013856","1.69","250g (1 kg = 6,76 €)","Brot, Cerealien & Aufstriche","False","https://img.rewe-static.de/7871020/33505315_digital-image.png"
"REWE Bio + vegan Edamame & Erbsen Streichcreme 180g","REWE Bio","4337256490054","1.25","180g (1 kg = 6,94 €)","Brot, Cerealien & Aufstriche","False","https://img.rewe-static.de/8865250/36955327_digital-image.png"
"REWE Bio Dinkelbrot 400g","REWE Bio","4337256284011","2.69","400g (1 kg = 6,73 €)","Brot, Cerealien & Aufstriche","False","https://img.rewe-static.de/7888159/34105581_digital-image.png"
"Mestemacher Weizen-Wraps XL 280g","Mestemacher","4000446016630","2.49","280g (1 kg = 8,89 €)","Brot, Cerealien & Aufstriche","False","https://img.rewe-static.de/0436792/13192260_digital-image.png"
"Harry Brötchen Rosen Mohn","Harry","4071800050133","0.39","1 Stück","Brot, Cerealien & Aufstriche","False","https://img.rewe-static.de/8045989/30088600_digital-image.png"
"Bahlsen Comtess Marzipan 350g","Bahlsen","4017100450310","2.99","350g (1 kg = 8,54 €)","Brot, Cerealien & Aufstriche","False","https://img.rewe-static.de/1958161/27758344_digital-image.png"
"Harry Bauernbrot Kreuzschnitt 500g","Harry","2711440000007","1.29","500g (1 kg = 2,58 €)","Brot, Cerealien & Aufstriche","False","https://img.rewe-static.de/2351744/23915782_digital-image.png"
"Wasa Knäckebrot Hafer & Sesam 230g","Wasa","7300400129169","2.39","230g (1 kg = 10,39 €)","Brot, Cerealien & Aufstriche","False","https://img.rewe-static.de/1979107/23249722_digital-image.png"
"REWE frei von Saatenbrötchen 240g","REWE frei von","4337256731003","2.29","240g (1 kg = 9,54 €)","Brot, Cerealien & Aufstriche","False","https://img.rewe-static.de/8503969/32493892_digital-image.png"
"Weetabix Original 430g","Weetabix","5010029000023","4.29","430g (1 kg = 9,98 €)","Brot, Cerealien & Aufstriche","False","https://img.rewe-static.de/3468340/44190303_digital-image.png"
"Ciabatta","NA","2295030000009","0.99","300g (1 kg = 3,30 €)","Brot, Cerealien & Aufstriche","False","https://img.rewe-static.de/7035559/28441579_digital-image.png"
"REWE Feine Welt Fruchtaufstrich Feige aus Marokko 250g","REWE Feine Welt","4337256548700","1.69","250g (1 kg = 6,76 €)","Brot, Cerealien & Aufstriche","False","https://img.rewe-static.de/1206594/14177640_digital-image.png"
"Bonne Maman Fruchtaufstrich Erdbeere weniger Zucker, mehr Frucht 335g","Bonne Maman","3608580069096","3.29","335g (1 kg = 9,82 €)","Brot, Cerealien & Aufstriche","False","https://img.rewe-static.de/8615673/33562419_digital-image.png"
"Harry Körner Balance Toast 250g","Harry","4071800038780","1.29","250g (1 kg = 5,16 €)","Brot, Cerealien & Aufstriche","False","https://img.rewe-static.de/2757049/25049193_digital-image.png"
"Nestlé Smarties Mini Muffins 4x30g","SMARTIES","7613287523396","3.79","120g (1 kg = 31,58 €)","Brot, Cerealien & Aufstriche","False","https://img.rewe-static.de/7884947/33278221_digital-image.png"
"Glück Fruchtaufstrich Aprikose 230g","Glück","4054600821011","2.99","230g (1 kg = 13 €)","Brot, Cerealien & Aufstriche","False","https://img.rewe-static.de/3150469/26283122_digital-image.png"
"Nestlé Go Free Cornflakes glutenfreie Flakes aus Mais 375g","Nestlé","5900020023797","3.79","375g (1 kg = 10,11 €)","Brot, Cerealien & Aufstriche","False","https://img.rewe-static.de/2379604/23752643_digital-image.png"
"Pågen Sandwich Brödchen 400g","Pågen","7311070016901","2.69","400g (1 kg = 6,73 €)","Brot, Cerealien & Aufstriche","False","https://img.rewe-static.de/8954861/40343876_digital-image.png"
"Bonne Maman Mirabellen-Konfitüre 370g","Bonne Maman","3045320092080","3.29","370g (1 kg = 8,89 €)","Brot, Cerealien & Aufstriche","False","https://img.rewe-static.de/7227108/8137760_digital-image.png"
"Dinkelbrot mit Sonnenblumenkernen","NA","2291640000002","1.99","500g (1 kg = 3,98 €)","Brot, Cerealien & Aufstriche","False","https://img.rewe-static.de/8542272/32436687_digital-image.png"
"Schär Bagels glutenfrei laktosefrei 400g","Schär","8008698029633","3.89","400g (1 kg = 9,73 €)","Brot, Cerealien & Aufstriche","False","https://img.rewe-static.de/8555748/35201975_digital-image.png"
"Mestemacher Pumpernickel 500g","Mestemacher","4000446001124","2.59","500g (1 kg = 5,18 €)","Brot, Cerealien & Aufstriche","False","https://img.rewe-static.de/8959579/21367446_digital-image.png"
"Walter Popps Veganer Eifreisalat 150g","Popp","4045800230499","1.99","150g (1 kg = 13,27 €)","Brot, Cerealien & Aufstriche","False","https://img.rewe-static.de/7838593/34871575_digital-image.png"
"Zentis 50% weniger Zucker Milch-Haselnuss 200g","Zentis","4002575639100","3.49","200g (1 kg = 17,45 €)","Brot, Cerealien & Aufstriche","False","https://img.rewe-static.de/8853635/37523692_digital-image.png"
"Schwartau Samt Blackberry Vanille 270g","Schwartau","4011800177911","2.99","270g (1 kg = 11,07 €)","Brot, Cerealien & Aufstriche","False","https://img.rewe-static.de/8367431/30643303_digital-image.png"
"Sinnack Kaiserbrötchen Mohn & Sesam 220g","Sinnack","4009097010684","1.19","220g (1 kg = 5,41 €)","Brot, Cerealien & Aufstriche","False","https://img.rewe-static.de/8864256/38806928_digital-image.png"
"REWE Beste Wahl Stracciatella Rührkuchen 400g","REWE Beste Wahl","4337256587518","1.69","400g (1 kg = 4,23 €)","Brot, Cerealien & Aufstriche","False","https://img.rewe-static.de/8912679/41297553_digital-image.png"
"Nestle Clusters Mandel Cerealien 325g","Nestlé","7613287308870","3.99","325g (1 kg = 12,28 €)","Brot, Cerealien & Aufstriche","False","https://img.rewe-static.de/8524125/33124142_digital-image.png"
"Harry Bäckerbrötchen rustikal","Harry","4071800057798","0.35","1 Stück","Brot, Cerealien & Aufstriche","False","https://img.rewe-static.de/8910433/38829660_digital-image.png"
"Harry Brötchen Schweizer Weckli","Harry","4071800056814","0.55","1 Stück","Brot, Cerealien & Aufstriche","False","https://img.rewe-static.de/8773313/36120112_digital-image.png"
"7 Days Mini Croissants Kakao 185g","7 Days","5201360543205","2.59","185g (1 kg = 14 €)","Brot, Cerealien & Aufstriche","False","https://img.rewe-static.de/8183699/30324486_digital-image.png"
"REWE frei von Bio Baguette 180g","REWE frei von","4337256661843","1.99","180g (1 kg = 11,06 €)","Brot, Cerealien & Aufstriche","False","https://img.rewe-static.de/7664956/41159516_digital-image.png"
"REWE Bio + vegan Tahini Hummus 150g","REWE Bio","4337256764940","1.99","150g (1 kg = 13,27 €)","Brot, Cerealien & Aufstriche","False","https://img.rewe-static.de/8144700/28936952_digital-image.png"
"Monti Original Spanische Mini-Magdalenas mit Schokostücken 300g","Monti","4042116810001","2.69","300g (1 kg = 8,97 €)","Brot, Cerealien & Aufstriche","False","https://img.rewe-static.de/5260426/2279730_digital-image.png"
"Schär Ciabatta Rustica glutenfrei 200g","Schär","8008698003152","2.99","200g (1 kg = 14,95 €)","Brot, Cerealien & Aufstriche","False","https://img.rewe-static.de/1108129/22805073_digital-image.png"
"Langnese Flotte Biene Sabienchens Honig 250g","Langnese Honig","4023300901606","2.99","250g (1 kg = 11,96 €)","Brot, Cerealien & Aufstriche","False","https://img.rewe-static.de/1983487/21341647_digital-image.png"
"Biozentrale Bio Brotaufstrich Tomate sonnengereift 125g","biozentrale","4005009106711","2.49","125g (1 kg = 19,92 €)","Brot, Cerealien & Aufstriche","False","https://img.rewe-static.de/1160049/24220336_digital-image.png"
"Harry Dinkel Sandwich 375g","Harry","4071800047812","1.99","375g (1 kg = 5,31 €)","Brot, Cerealien & Aufstriche","False","https://img.rewe-static.de/8237340/28525952_digital-image.png"
"Mestemacher Unser Pures Karotte 300g","Mestemacher","4000446011406","2.69","300g (1 kg = 8,97 €)","Brot, Cerealien & Aufstriche","False","https://img.rewe-static.de/8489259/31892475_digital-image.png"
"Mestemacher Unser Pures Kürbis 300 g","Mestemacher","4000446011789","2.69","300g (1 kg = 8,97 €)","Brot, Cerealien & Aufstriche","False","https://img.rewe-static.de/8614523/33278438_digital-image.png"
"Brandt Minis Vollmilch Schoko Zwieback 115g","Brandt","4013752040244","1.99","115g (1 kg = 17,30 €)","Brot, Cerealien & Aufstriche","False","https://img.rewe-static.de/7779806/36402175_digital-image.png"
"Burger Knäckebrot mit Dinkel 250g","Burger","4012970011173","1.69","250g (1 kg = 6,76 €)","Brot, Cerealien & Aufstriche","False","https://img.rewe-static.de/9338683/2264560_digital-image.png"
"Harry Süsser Knoten","Harry","4071800037646","0.59","1 Stück","Brot, Cerealien & Aufstriche","False","https://img.rewe-static.de/2452249/23969732_digital-image.png"
"Bahlsen Comtess Zitrone 350g","Bahlsen","4017100450518","2.99","350g (1 kg = 8,54 €)","Brot, Cerealien & Aufstriche","False","https://img.rewe-static.de/1916347/24413785_digital-image.png"
"Dr. Oetker Duo Kuchensnack 140g","Dr. Oetker","4000521037352","2.49","140g (1 kg = 17,79 €)","Brot, Cerealien & Aufstriche","False","https://img.rewe-static.de/7581232/43698366_digital-image.png"
"REWE Beste Wahl Hummus Mango-Curry vegan 200g","REWE Beste Wahl","4337256724937","1.69","200g (1 kg = 8,45 €)","Brot, Cerealien & Aufstriche","False","https://img.rewe-static.de/7636592/42136266_digital-image.png"
"Langnese Flotte Biene Wald- mit Blütenhonig 500g","Langnese Honig","4023300900401","6.99","500g (1 kg = 13,98 €)","Brot, Cerealien & Aufstriche","False","https://img.rewe-static.de/3160068/1917350_digital-image.png"
"Harry Butter-Toast 250g","Harry","4071800000565","1.29","250g (1 kg = 5,16 €)","Brot, Cerealien & Aufstriche","False","https://img.rewe-static.de/4922468/3035300_digital-image.png"
"REWE Bio Eiweißbrot mit Erbsen 250g","REWE Bio","4337256447232","2.69","250g (1 kg = 10,76 €)","Brot, Cerealien & Aufstriche","False","https://img.rewe-static.de/7788256/36758561_digital-image.png"
"Ruf Porridge Blueberry Yoghurt 65g","Ruf","4002809018527","0.89","65g (1 kg = 13,69 €)","Brot, Cerealien & Aufstriche","False","https://img.rewe-static.de/8428054/31076706_digital-image.png"
"Wasa Knäckebrot Roggen traditionell 235g","Wasa","7300400129640","2.39","235g (1 kg = 10,17 €)","Brot, Cerealien & Aufstriche","False","https://img.rewe-static.de/2187982/23249612_digital-image.png"
"REWE to go Guacamole würzig 150g","REWE to go","4337256130561","2.59","150g (1 kg = 17,27 €)","Brot, Cerealien & Aufstriche","False","https://img.rewe-static.de/7215730/27717421_digital-image.png"
"Seitenbacher Müsli Fitness-Mischung 750g","Seitenbacher","4008391050419","5.99","750g (1 kg = 7,99 €)","Brot, Cerealien & Aufstriche","False","https://img.rewe-static.de/0036668/1130690_digital-image.png"
"Harry Zwiebelbrot 750g","Harry","2155760000000","2.39","750g (1 kg = 3,19 €)","Brot, Cerealien & Aufstriche","False","https://img.rewe-static.de/4620119/6917890_digital-image.png"
"Bahlsen Comtess Marmor 350g","Bahlsen","4017100450211","2.99","350g (1 kg = 8,54 €)","Brot, Cerealien & Aufstriche","False","https://img.rewe-static.de/1916296/24413786_digital-image.png"
"Popp Eiersalat 3x40g","Popp","4045800510393","1.89","3x40g (1 kg = 15,75 €)","Brot, Cerealien & Aufstriche","False","https://img.rewe-static.de/2249730/23362152_digital-image.png"
"Schwartau Extra Schwarz-Kirsche Konfitüre 340g","Schwartau","4011800841614","2.69","340g (1 kg = 7,91 €)","Brot, Cerealien & Aufstriche","False","https://img.rewe-static.de/9282106/7465110_digital-image.png"
"Monti Mini Magdalenas mit frischer Butter 300g","Monti","4042116817222","2.69","300g (1 kg = 8,97 €)","Brot, Cerealien & Aufstriche","False","https://img.rewe-static.de/8944577/39378201_digital-image.png"
"Lien Ying Reispapier 50g","Lien Ying","4013200880040","1.79","50g (1 kg = 35,80 €)","Brot, Cerealien & Aufstriche","False","https://img.rewe-static.de/4273753/23507542_digital-image.png"
"Kölln Hafer-Müsli Rainbow Love 400g","Kölln","4000540001457","3.79","400g (1 kg = 9,48 €)","Brot, Cerealien & Aufstriche","False","https://img.rewe-static.de/8907408/38859709_digital-image.png"
"Zentis Haselnuss-Kakao Creme weniger Zucker 200g","Zentis","4002575639124","3.49","200g (1 kg = 17,45 €)","Brot, Cerealien & Aufstriche","False","https://img.rewe-static.de/8855729/37357855_digital-image.png"
"Zentis Natur Rein Fruchtaufstrich passiert 75% Frucht Himbeere 200g","Zentis","4002575618235","2.89","200g (1 kg = 14,45 €)","Brot, Cerealien & Aufstriche","False","https://img.rewe-static.de/8501795/33053548_digital-image.png"
"REWE Feine Welt Krosse Peperoni Ciabatta 300g","REWE Feine Welt","4337256395823","2.99","300g (1 kg = 9,97 €)","Brot, Cerealien & Aufstriche","False","https://img.rewe-static.de/0896663/5821330_digital-image.png"
"Schwartau Fruchtaufstrich Schwarz-Kirsche Zero 280g","Schwartau","4011800843311","2.69","280g (1 kg = 9,61 €)","Brot, Cerealien & Aufstriche","False","https://img.rewe-static.de/8832688/37459379_digital-image.png"
"REWE Körnerstange","REWE","2202500000001","1.99","320g (1 kg = 6,22 €)","Brot, Cerealien & Aufstriche","False","https://img.rewe-static.de/9045667/44721226_digital-image.png"
"Kölln Bio Haferflocken zart 500g","Kölln","4000540000641","2.29","500g (1 kg = 4,58 €)","Brot, Cerealien & Aufstriche","False","https://img.rewe-static.de/8023871/31184198_digital-image.png"
"REWE Feine Welt Kokos Creme 200g","REWE Feine Welt","4337256425049","2.19","200g (1 kg = 10,95 €)","Brot, Cerealien & Aufstriche","False","https://img.rewe-static.de/0672862/4998360_digital-image.png"
"Nestlé Nesquik Knusper-Frühstück Maxipack 625g","Nesquik","3387390325621","5.79","625g (1 kg = 9,26 €)","Brot, Cerealien & Aufstriche","False","https://img.rewe-static.de/7222483/31554100_digital-image.png"
"Schwartau Extra Stachelbeer 340g","Schwartau","4011800841713","2.69","340g (1 kg = 7,91 €)","Brot, Cerealien & Aufstriche","False","https://img.rewe-static.de/7833710/34183122_digital-image.png"
"Schwartau Extra Fruchtaufstrich Himbeere Zero 280g","Schwartau","4011800843212","2.69","280g (1 kg = 9,61 €)","Brot, Cerealien & Aufstriche","False","https://img.rewe-static.de/7700290/40834186_digital-image.png"
"Schwartau Extra Heidelbeere 340g","Schwartau","4011800840815","2.99","340g (1 kg = 8,79 €)","Brot, Cerealien & Aufstriche","False","https://img.rewe-static.de/8651891/36713217_digital-image.png"
"Croissant mit Nuss-Nougat-Füllung","NA","2157380000002","0.99","1 Stück","Brot, Cerealien & Aufstriche","False","https://img.rewe-static.de/2115318/26364179_digital-image.png"
"Schwartau Extra Bittere Orange 340g","Schwartau","4011800841119","2.69","340g (1 kg = 7,91 €)","Brot, Cerealien & Aufstriche","False","https://img.rewe-static.de/8653195/34183436_digital-image.png"
"Schär Knusperbrot dunkel glutenfrei 125g","Schär","8008698011294","1.99","125g (1 kg = 15,92 €)","Brot, Cerealien & Aufstriche","False","https://img.rewe-static.de/2169891/22762857_digital-image.png"
"Bauckhof Bio Demeter Weizenkleie 250g","Bauckhof","4015637840277","1.49","250g (1 kg = 5,96 €)","Brot, Cerealien & Aufstriche","False","https://img.rewe-static.de/0043830/27803671_digital-image.png"
"Ferrero Nutella 1000g","Nutella","4008400401829","6.39","1000g","Brot, Cerealien & Aufstriche","False","https://img.rewe-static.de/0175156/9362090_digital-image.png"
"REWE Bio + vegan Hummus Natur 200g","REWE Bio","4337256745185","1.49","200g (1 kg = 7,45 €)","Brot, Cerealien & Aufstriche","False","https://img.rewe-static.de/8774648/36959266_digital-image.png"
"Kölln Flocken blütenzart 500g","Kölln","4000540000108","1.69","500g (1 kg = 3,38 €)","Brot, Cerealien & Aufstriche","False","https://img.rewe-static.de/0157910/30585580_digital-image.png"
"Zentis Belmandel Creme 300g","Zentis","4002575639759","2.99","300g (1 kg = 9,97 €)","Brot, Cerealien & Aufstriche","False","https://img.rewe-static.de/7717585/37817446_digital-image.png"
"REWE Bio Das Pure 300g","REWE Bio","4337256643214","1.75","300g (1 kg = 5,97 €)","Brot, Cerealien & Aufstriche","False","https://img.rewe-static.de/7678937/40233033_digital-image.png"
"Dreyer Goldbiene 250g","Dreyer","4009265012403","2.99","250g (1 kg = 11,96 €)","Brot, Cerealien & Aufstriche","False","https://img.rewe-static.de/4063520/23676006_digital-image.png"
"Langnese Flotte Biene Sonnenblumenhonig 250g","Langnese Honig","4023300901705","2.99","250g (1 kg = 11,96 €)","Brot, Cerealien & Aufstriche","False","https://img.rewe-static.de/2859555/26350990_digital-image.png"
"Wasa Selection Chia & Meersalz 245g","Wasa","7300400482868","2.49","245g (1 kg = 10,16 €)","Brot, Cerealien & Aufstriche","False","https://img.rewe-static.de/7751069/36987232_digital-image.png"
"REWE Bio Dattel-Erdnuss Riegel 3x30g","REWE Bio","4337256723923","1.49","3x30g (1 kg = 16,56 €)","Brot, Cerealien & Aufstriche","True","https://img.rewe-static.de/8664302/35163957_digital-image.png"
"Bonne Maman Pflaumen-Konfitüre 370g","Bonne Maman","3045320092257","3.29","370g (1 kg = 8,89 €)","Brot, Cerealien & Aufstriche","False","https://img.rewe-static.de/7227027/23277231_digital-image.png"
"REWE Bio Weizen Landbrötchen 280g","REWE Bio","4337256530200","1.29","250g (1 kg = 5,16 €)","Brot, Cerealien & Aufstriche","False","https://img.rewe-static.de/8444009/31813515_digital-image.png"
"Corny Haferkraft Kakao Riegel zuckerfrei vegan 35g","CORNY","4011800593810","1.79","4x35g (1 kg = 12,79 €)","Brot, Cerealien & Aufstriche","False","https://img.rewe-static.de/8783657/39183088_digital-image.png"
"Corny Schoko 6x25g","CORNY","4011800521219","1.79","6x25g (1 kg = 11,93 €)","Brot, Cerealien & Aufstriche","False","https://img.rewe-static.de/0544800/1238460_digital-image.png"
"Butcher's Burger Vegane Buns Brioche Style 4 Stück","Butcher's Burger","4337256577977","1.69","250g (1 kg = 6,76 €)","Brot, Cerealien & Aufstriche","False","https://img.rewe-static.de/8888961/39251810_digital-image.png"
"Finn Crisp Rustikal 200g","Finn Crisp","6437005078866","1.49","200g (1 kg = 7,45 €)","Brot, Cerealien & Aufstriche","True","https://img.rewe-static.de/2388672/24046565_digital-image.png"
"Zentis Erdnussbutter Crunchy 350g","Zentis","4002575610659","1.99","350g (1 kg = 5,69 €)","Brot, Cerealien & Aufstriche","True","https://img.rewe-static.de/8015553/30739816_digital-image.png"
"Harry 1688 Unser Mildes 250g","Harry","4071800000886","1.39","250g (1 kg = 5,56 €)","Brot, Cerealien & Aufstriche","False","https://img.rewe-static.de/4923685/5332580_digital-image.png"
"Harry Toastbrötchen Körner Balance 335g, 6 Stück","Harry","4071800038568","1.79","335g (1 kg = 5,34 €)","Brot, Cerealien & Aufstriche","False","https://img.rewe-static.de/2589637/24635815_digital-image.png"
"Corny Haferkraft Apfel Zero 35g","CORNY","4011800525415","1.79","35g (1 kg = 51,14 €)","Brot, Cerealien & Aufstriche","False","https://img.rewe-static.de/9090069/43440145_digital-image.png"
"REWE Beste Wahl Fladenbrot 500g","REWE Beste Wahl","4337256752237","1.79","500g (1 kg = 3,58 €)","Brot, Cerealien & Aufstriche","False","https://img.rewe-static.de/8568062/33589596_digital-image.png"
"Corny Haferkraft Cranberry Kürbiskern 4x35g","CORNY","4011800523312","1.79","4x35g (1 kg = 12,79 €)","Brot, Cerealien & Aufstriche","False","https://img.rewe-static.de/7036664/26683120_digital-image.png"
"Corny Nussvoll Erdnuss & Vollmilch 96g","CORNY","4011800549213","1.79","96g (1 kg = 18,65 €)","Brot, Cerealien & Aufstriche","False","https://img.rewe-static.de/7598898/42760839_digital-image.png"
"REWE Beste Wahl Ciabatta 300g","REWE Beste Wahl","4337256710671","1.39","300g (1 kg = 4,63 €)","Brot, Cerealien & Aufstriche","False","https://img.rewe-static.de/1076627/24593417_digital-image.png"
"Bio Roggenmischlaib 720g","NA","2747640000004","2.69","750g (1 kg = 3,59 €)","Brot, Cerealien & Aufstriche","True","https://img.rewe-static.de/2598927/25632651_digital-image.png"
"REWE Beste Wahl Hummus Pinienkerne vegan 200g","REWE Beste Wahl","4337256724012","1.69","200g (1 kg = 8,45 €)","Brot, Cerealien & Aufstriche","False","https://img.rewe-static.de/7636594/43235464_digital-image.png"
"Wasa Sandwich Käse & Schnittlauch 3x37g","Wasa","7300400122702","2.59","3x37g (1 kg = 23,33 €)","Brot, Cerealien & Aufstriche","False","https://img.rewe-static.de/0122916/1647580_digital-image.png"
"Biozentrale Bio Erdnuss-Mus 250g","biozentrale","4005009104199","3.99","250ml (1 l = 15,96 €)","Brot, Cerealien & Aufstriche","False","https://img.rewe-static.de/1100140/23474023_digital-image.png"
"REWE to go Guacamole mild 150g","REWE to go","4337256100366","2.59","150g (1 kg = 17,27 €)","Brot, Cerealien & Aufstriche","False","https://img.rewe-static.de/7193923/27717441_digital-image.png"
"Corny Nussvoll Dreierlei Nuss & Karamell 96g","CORNY","4011800549312","1.79","96g (1 kg = 18,65 €)","Brot, Cerealien & Aufstriche","False","https://img.rewe-static.de/9056525/42761406_digital-image.png"
"Schwartau Weniger Zucker Erdbeere 300g","Schwartau","4011800844110","2.69","300g (1 kg = 8,97 €)","Brot, Cerealien & Aufstriche","False","https://img.rewe-static.de/8335121/30420777_digital-image.png"
"Eszet Schnitten Vollmilch 75g","Eszet","4030387760590","1.19","75g (1 kg = 15,87 €)","Brot, Cerealien & Aufstriche","False","https://img.rewe-static.de/8949807/39594125_digital-image.png"
"Corny Nussvoll Nuss & Traube 4x24g","CORNY","4011800549411","1.79","96g (1 kg = 18,65 €)","Brot, Cerealien & Aufstriche","False","https://img.rewe-static.de/7598743/43089069_digital-image.png"
"Pågen Gifflar Zimt 260g","Pågen","7311070346916","2.29","260g (1 kg = 8,81 €)","Brot, Cerealien & Aufstriche","False","https://img.rewe-static.de/2190540/3445300_digital-image.png"
"REWE Feine Welt Dunkle Kakaocreme 200g","REWE Feine Welt","4337256373845","2.19","200g (1 kg = 10,95 €)","Brot, Cerealien & Aufstriche","False","https://img.rewe-static.de/0672850/26789114_digital-image.png"
"Harry 1688 Steinofenbrot 500g","Harry","4071800000855","1.89","500g (1 kg = 3,78 €)","Brot, Cerealien & Aufstriche","False","https://img.rewe-static.de/4923456/3341460_digital-image.png"
"REWE Beste Wahl Rührkuchen Schokolade 400g","REWE Beste Wahl","4337256601573","1.69","400g (1 kg = 4,23 €)","Brot, Cerealien & Aufstriche","False","https://img.rewe-static.de/8904431/41297549_digital-image.png"
"Glück Fruchtaufstrich Erdbeere 230g","Glück","4054600820915","2.99","230g (1 kg = 13 €)","Brot, Cerealien & Aufstriche","False","https://img.rewe-static.de/3150472/26283295_digital-image.png"
"Entrup Sticks Spinat und Käse","Entrup","2781210000001","0.99","1 Stück","Brot, Cerealien & Aufstriche","False","https://img.rewe-static.de/2740807/27073243_digital-image.png"
"Harry 1688 Roggenvollkornbrot Korn-an-Korn 500g","Harry","4071800000824","1.89","500g (1 kg = 3,78 €)","Brot, Cerealien & Aufstriche","False","https://img.rewe-static.de/4922298/33064038_digital-image.png"
"Harry Focacciotto Knoblauch","Harry","4071800054483","1.39","1 Stück","Brot, Cerealien & Aufstriche","False","https://img.rewe-static.de/8598615/33108847_digital-image.png"
"Wasa Knäckebrot Leinsamen 210g","Wasa","7300400482998","2.39","210g (1 kg = 11,38 €)","Brot, Cerealien & Aufstriche","False","https://img.rewe-static.de/8939648/39489288_digital-image.png"
"REWE Bio Reiswaffeln Vollmilch 100g","REWE Bio","4337256452106","1.69","100g (1 kg = 16,90 €)","Brot, Cerealien & Aufstriche","False","https://img.rewe-static.de/8094126/35221076_digital-image.png"
"REWE Bio + vegan Streichcreme Paprika, Tomate, Zucchini & Aubergine 180g","REWE Bio","4337256373302","1.25","180g (1 kg = 6,94 €)","Brot, Cerealien & Aufstriche","False","https://img.rewe-static.de/2745086/27257771_digital-image.png"
"MILKA Muffin gefüllt","NA","5413321002038","1.49","1 Stück","Brot, Cerealien & Aufstriche","False","https://img.rewe-static.de/8343714/42856039_digital-image.png"
"Butcher's Burger Buns Lauge 4 Stück","Butcher's Burger","21411823","1.69","300g (1 kg = 5,63 €)","Brot, Cerealien & Aufstriche","False","https://img.rewe-static.de/8686039/35041219_digital-image.png"
"Leicht&Cross Knusperbrot Weizen 125g","Leicht & Cross","4008404001001","1.39","125g (1 kg = 11,12 €)","Brot, Cerealien & Aufstriche","False","https://img.rewe-static.de/0698458/3882670_digital-image.png"
"REWE Bio Maiswaffeln mit Meersalz 120g","REWE Bio","4337256340816","0.79","120g (1 kg = 6,58 €)","Brot, Cerealien & Aufstriche","False","https://img.rewe-static.de/8016170/31099134_digital-image.png"
"Nestlé Cini Minis Churros 360g","Nestlé","7613287476678","3.99","360g (1 kg = 11,08 €)","Brot, Cerealien & Aufstriche","False","https://img.rewe-static.de/8557431/32641335_digital-image.png"
"REWE Bio Aufstrich Mango-Papaya-Curry 180g","REWE Bio","4337256398817","1.25","180g (1 kg = 6,94 €)","Brot, Cerealien & Aufstriche","False","https://img.rewe-static.de/2745102/27258017_digital-image.png"
"Chivers Marmelade Lemon Curd 320g","Chivers","5098732004842","3.49","320g (1 kg = 10,91 €)","Brot, Cerealien & Aufstriche","False","https://img.rewe-static.de/3142638/26160799_digital-image.png"
"REWE Bio Honig-Dinkel gepufft 200g","REWE Bio","4337256379519","1.79","200g (1 kg = 8,95 €)","Brot, Cerealien & Aufstriche","False","https://img.rewe-static.de/7272521/28937164_digital-image.png"
"Harry Rosenbrötchen kernig 510g","Harry","4071800049557","2.39","510g (1 kg = 4,69 €)","Brot, Cerealien & Aufstriche","False","https://img.rewe-static.de/8349925/29889925_digital-image.png"
"Harry Dinkel Toastbrötchen 4 Stück","Harry","4071800048611","1.69","225g (1 kg = 7,51 €)","Brot, Cerealien & Aufstriche","False","https://img.rewe-static.de/8297631/29212728_digital-image.png"
"Délifrance Butter Schokobrötchen","Délifrance","21362781","0.65","1 Stück","Brot, Cerealien & Aufstriche","False","https://img.rewe-static.de/8675162/34602152_digital-image.png"
"Corny Salted Caramel 138g","CORNY","4011800522810","1.79","138g (1 kg = 12,97 €)","Brot, Cerealien & Aufstriche","False","https://img.rewe-static.de/7647985/43395887_digital-image.png"
"REWE Bio Hummus pikant vegan 200g","REWE Bio","4337256752718","1.49","200g (1 kg = 7,45 €)","Brot, Cerealien & Aufstriche","False","https://img.rewe-static.de/7741450/36959277_digital-image.png"
"Milka Tender Milch 5x37g","Milka","7622400004483","2.59","5x37g (1 kg = 14 €)","Brot, Cerealien & Aufstriche","False","https://img.rewe-static.de/3075923/1234890_digital-image.png"
"Gutes aus der Bäckerei Das Weißbrot 750g","Gab","4071800001081","1.49","750g (1 kg = 1,99 €)","Brot, Cerealien & Aufstriche","False","https://img.rewe-static.de/2217228/9693720_digital-image.png"
"Harry Eiweiss Sandwich 375g","Harry","4071800058801","1.89","375g (1 kg = 5,04 €)","Brot, Cerealien & Aufstriche","False","https://img.rewe-static.de/9049377/42309685_digital-image.png"
"Popp Brotaufstrich Ei-Bacon-Salat 150g","Popp","4045800503265","1.79","150g (1 kg = 11,93 €)","Brot, Cerealien & Aufstriche","False","https://img.rewe-static.de/6481744/6343550_digital-image.png"
"Bonne Maman Schwarzes Johannisbeer-Gelee 370g","Bonne Maman","3045320092141","3.29","370g (1 kg = 8,89 €)","Brot, Cerealien & Aufstriche","False","https://img.rewe-static.de/6994261/2106670_digital-image.png"
"REWE Beste Wahl Kartoffelbrötchen 510g","REWE Beste Wahl","4337256733526","1.89","510g (1 kg = 3,71 €)","Brot, Cerealien & Aufstriche","False","https://img.rewe-static.de/7701987/38987753_digital-image.png"
"Corny Haferkraft Kakao 4x35g","CORNY","4011800523916","1.79","4x35g (1 kg = 12,79 €)","Brot, Cerealien & Aufstriche","False","https://img.rewe-static.de/7036732/26683131_digital-image.png"
"Harry Vital+Dinkel Vollkorn 300g","Harry","4071800054469","1.89","300g (1 kg = 6,30 €)","Brot, Cerealien & Aufstriche","False","https://img.rewe-static.de/8622882/33509192_digital-image.png"
"REWE Bio Naturland weißes Mandelmus vegan 250g","REWE Bio","4337256675598","6.99","250g (1 kg = 27,96 €)","Brot, Cerealien & Aufstriche","False","https://img.rewe-static.de/7660983/41339918_digital-image.png"
"Harry Das Volle Korn Katen 500g","Harry","4071800000763","1.89","500g (1 kg = 3,78 €)","Brot, Cerealien & Aufstriche","False","https://img.rewe-static.de/4923022/915000_digital-image.png"
"Rewe Beste Wahl Sanft & Fruchtig Himbeere 60% 270g","REWE Beste Wahl","4337256642835","1.29","270g (1 kg = 4,78 €)","Brot, Cerealien & Aufstriche","False","https://img.rewe-static.de/7014092/26716014_digital-image.png"
"Harry Körner Balance Sandwich 375g","Harry","4071800038803","1.69","375g (1 kg = 4,51 €)","Brot, Cerealien & Aufstriche","False","https://img.rewe-static.de/2757374/25049763_digital-image.png"
"Kölln Vollkorn-Haferfleks Klassik 375g","Kölln","4000540011050","2.49","375g (1 kg = 6,64 €)","Brot, Cerealien & Aufstriche","False","https://img.rewe-static.de/0972240/3788540_digital-image.png"
"Biozentrale Bio Brotaufstrich mediterran 125g","biozentrale","4005009101327","2.49","125g (1 kg = 19,92 €)","Brot, Cerealien & Aufstriche","False","https://img.rewe-static.de/1455316/23477453_digital-image.png"
"Tartex Bio Brotaufstrich Toskana 140g","Tartex","4005514051759","2.69","140g (1 kg = 19,21 €)","Brot, Cerealien & Aufstriche","False","https://img.rewe-static.de/3230661/39102838_digital-image.png"
"Harry Bauern-Goldkrüstchen 6x80g","Harry","4071800034812","2.39","6x480g (1 kg = 4,98 €)","Brot, Cerealien & Aufstriche","False","https://img.rewe-static.de/2306446/23446122_digital-image.png"
"Harry Anno 1688 Brotlaib 800g","NA","4071800053561","2.49","800g (1 kg = 3,11 €)","Brot, Cerealien & Aufstriche","False","https://img.rewe-static.de/7940942/32252545_digital-image.png"
"Kölln Zauberfleks Schoko 375g","Kölln","4000540043013","2.49","375g (1 kg = 6,64 €)","Brot, Cerealien & Aufstriche","False","https://img.rewe-static.de/7093533/27037757_digital-image.png"
"Popp Brotaufstrich Tomate-Mozzarella 150g","Popp","4045800496260","1.79","150g (1 kg = 11,93 €)","Brot, Cerealien & Aufstriche","False","https://img.rewe-static.de/6377998/11033850_digital-image.png"
"REWE Bio Blütenhonig Cremig 350g","REWE Bio","4337256757003","2.59","350g (1 kg = 7,40 €)","Brot, Cerealien & Aufstriche","False","https://img.rewe-static.de/9027759/42309440_digital-image.png"
"Corny Haferkraft Peanut Butter Zero 4x35g","CORNY","4011800525316","1.79","4x35g (1 kg = 12,79 €)","Brot, Cerealien & Aufstriche","False","https://img.rewe-static.de/7597734/43382816_digital-image.png"
"REWE Bio Haferkleie 500g","REWE Bio","4337256544740","1.89","500g (1 kg = 3,78 €)","Brot, Cerealien & Aufstriche","False","https://img.rewe-static.de/8933690/37846825_digital-image.png"
"Leicht&Cross Knusperbrot Vollkorn 125g","Leicht & Cross","4001518104064","1.39","125g (1 kg = 11,12 €)","Brot, Cerealien & Aufstriche","False","https://img.rewe-static.de/0826936/13209560_digital-image.png"
"Nabio Bio Salted Caramel Erdnuss Aufstrich 175g","Nabio","4013182020892","2.99","175g (1 kg = 17,09 €)","Brot, Cerealien & Aufstriche","False","https://img.rewe-static.de/7734555/40800690_digital-image.png"
"DeWi Back Chickensticks 4 Cheese","NA","2245840000003","0.99","1 Stück","Brot, Cerealien & Aufstriche","False","https://img.rewe-static.de/7681692/39821269_digital-image.png"
"Milka Haselnusscreme 600g","Milka","7622201400972","4.19","600g (1 kg = 6,98 €)","Brot, Cerealien & Aufstriche","False","https://img.rewe-static.de/8400599/30961155_digital-image.png"
"Tartex Bio Brotaufstrich Spinat Pinienkerne 135g","Tartex","4005514040982","2.89","135g (1 kg = 21,41 €)","Brot, Cerealien & Aufstriche","False","https://img.rewe-static.de/3230629/39102776_digital-image.png"
"Drews Eiersalat mit Bacon 200g","NA","4006495181404","2.69","200g (1 kg = 13,45 €)","Brot, Cerealien & Aufstriche","False","https://img.rewe-static.de/7196144/29153756_digital-image.png"
"Glockenbrot Krustenbrot","Glockenbrot","2155750000003","1.59","1000g","Brot, Cerealien & Aufstriche","False","https://img.rewe-static.de/4620097/34076493_digital-image.png"
"Milka Haselnusscreme 350g","Milka","7622201127206","2.22","350g (1 kg = 6,34 €)","Brot, Cerealien & Aufstriche","True","https://img.rewe-static.de/8424980/30781039_digital-image.png"
"Tartex Bio Brotaufstrich Paprika Trio 135g","Tartex","4005514040968","2.89","135g (1 kg = 21,41 €)","Brot, Cerealien & Aufstriche","False","https://img.rewe-static.de/3230461/39102774_digital-image.png"
"Reis-fit Risbellis Barbecue 40g","Reis-Fit","4006237091046","1.39","40g (1 kg = 34,75 €)","Brot, Cerealien & Aufstriche","False","https://img.rewe-static.de/6898300/23249634_digital-image.png"
"Kölln Instant Haferflocken 250g","Kölln","4000540000405","1.89","250g (1 kg = 7,56 €)","Brot, Cerealien & Aufstriche","False","https://img.rewe-static.de/0157945/7457460_digital-image.png"
"Dr. Oetker Vitalis Knusper Pur Weniger süß 600g","Dr. Oetker","4000521662103","3.99","600g (1 kg = 6,65 €)","Brot, Cerealien & Aufstriche","False","https://img.rewe-static.de/0134292/33746507_digital-image.png"
"REWE Bio Streichcreme Senf + Agave vegan 180g","REWE Bio","4337256779562","1.25","180g (1 kg = 6,94 €)","Brot, Cerealien & Aufstriche","False","https://img.rewe-static.de/9147180/43213312_digital-image.png"
"Hipp Bio Zauberriegel Traube-Banane 30g","Hipp","4062300362284","0.79","30g (1 kg = 26,33 €)","Brot, Cerealien & Aufstriche","False","https://img.rewe-static.de/8087796/33972992_digital-image.png"
"REWE Bio Finn Toasties 260g","REWE Bio","4337256424547","0.95","260g (1 kg = 3,65 €)","Brot, Cerealien & Aufstriche","False","https://img.rewe-static.de/8061857/30393848_digital-image.png"
"Langnese Flotte Biene Gebirgsblütenhonig cremig 250g","Langnese Honig","4023300910509","3.49","250g (1 kg = 13,96 €)","Brot, Cerealien & Aufstriche","False","https://img.rewe-static.de/4889533/20792814_digital-image.png"
"Kölln Knusprige Haferfleks Schoko 375g","Kölln","4000540091069","2.49","375g (1 kg = 6,64 €)","Brot, Cerealien & Aufstriche","False","https://img.rewe-static.de/8371629/30224961_digital-image.png"
"Glück Fruchtaufstrich Himbeere 230g","Glück","4054600821110","3.29","230g (1 kg = 14,30 €)","Brot, Cerealien & Aufstriche","False","https://img.rewe-static.de/3150473/26303030_digital-image.png"
"REWE Beste Wahl Feta Creme scharf 130g","REWE Beste Wahl","4337256723527","2.29","130g (1 kg = 17,62 €)","Brot, Cerealien & Aufstriche","False","https://img.rewe-static.de/9006501/41923210_digital-image.png"
"Wasa Knäckebrot Vollkorn Roggen 260g","Wasa","7300400114714","2.39","260g (1 kg = 9,19 €)","Brot, Cerealien & Aufstriche","False","https://img.rewe-static.de/1994794/6072800_digital-image.png"
"Kölln Müsli Knusper Schoko & Keks Vorratspack 1,7kg","Kölln","4000540003215","9.99","1700g (1 kg = 5,88 €)","Brot, Cerealien & Aufstriche","False","https://img.rewe-static.de/2122144/24051897_digital-image.png"
"Zentis Nusspli Original 400g","Zentis","4002575639773","2.99","400g (1 kg = 7,48 €)","Brot, Cerealien & Aufstriche","False","https://img.rewe-static.de/7716884/37817440_digital-image.png"
"Harry Vollkornbrot geschnitten 1kg","Harry","2115820000005","2.79","1 Stück ca. 1000 g (1 kg = 2,79 €)","Brot, Cerealien & Aufstriche","False","https://img.rewe-static.de/0881434/27231603_digital-image.png"
"Ruf Porridge Apfel Zimt 65g","Ruf","4002809018558","0.89","65g (1 kg = 13,69 €)","Brot, Cerealien & Aufstriche","False","https://img.rewe-static.de/8006126/31077018_digital-image.png"
"Nabio Bio Gegrillte Paprika Cashew Aufstrich 135g","Nabio","4013182024098","2.59","135g (1 kg = 19,19 €)","Brot, Cerealien & Aufstriche","False","https://img.rewe-static.de/3267858/28882818_digital-image.png"
"Popp Aufstrich Käse-Champignon 150g","Popp","4045800422269","1.79","150g (1 kg = 11,93 €)","Brot, Cerealien & Aufstriche","False","https://img.rewe-static.de/9857834/25981011_digital-image.png"
"Pågen Frühstücks Bröd 780g","Pågen","7311070013429","3.49","780g (1 kg = 4,47 €)","Brot, Cerealien & Aufstriche","False","https://img.rewe-static.de/7919946/32800172_digital-image.png"
"REWE Brot Sauerteig Batzen","REWE","4071800060347","1.79","500g (1 kg = 3,58 €)","Brot, Cerealien & Aufstriche","False","https://img.rewe-static.de/9963943/45008395_digital-image.png"
"Ruf Unser Porridge Chocolate Brownie 65g","Ruf","4002809018718","0.89","65g (1 kg = 13,69 €)","Brot, Cerealien & Aufstriche","False","https://img.rewe-static.de/8683745/42476175_digital-image.png"
"Mestemacher Indian Naan Brot 4 Stück, 240g","Mestemacher","4000446016883","2.19","240g (1 kg = 9,13 €)","Brot, Cerealien & Aufstriche","False","https://img.rewe-static.de/7242729/27708091_digital-image.png"
"REWE Bio Dinkel Frischeiwaffel 165g","REWE Bio","4337256305617","1.35","165g (1 kg = 8,18 €)","Brot, Cerealien & Aufstriche","False","https://img.rewe-static.de/7249413/28272058_digital-image.png"
"Landliebe Konfitüre Erdbeere 200g","Landliebe","4002575311129","2.29","200g (1 kg = 11,45 €)","Brot, Cerealien & Aufstriche","False","https://img.rewe-static.de/0342545/2091710_digital-image.png"
"REWE frei von Bio Schokomüsli glutenfrei laktosefrei 400g","REWE frei von","4337256167017","2.99","400g (1 kg = 7,48 €)","Brot, Cerealien & Aufstriche","False","https://img.rewe-static.de/8206186/44292408_digital-image.png"
"Harry Laugen Dinkel Brötchen","Harry","4071800053882","0.69","1 Stück","Brot, Cerealien & Aufstriche","False","https://img.rewe-static.de/8412290/30536787_digital-image.png"
"Ruf Porridge Erdbeer Vanille 65g","Ruf","4002809018589","0.89","65g (1 kg = 13,69 €)","Brot, Cerealien & Aufstriche","False","https://img.rewe-static.de/8426782/34408158_digital-image.png"
"Ruf Porridge Bourbon Vanille 65g","Ruf","4002809018596","0.89","65g (1 kg = 13,69 €)","Brot, Cerealien & Aufstriche","False","https://img.rewe-static.de/7987370/33883022_digital-image.png"
"Tartex Bio Feinkostsalat wie Geflügel vegan 165g","Tartex","4005514616408","3.49","165g (1 kg = 21,15 €)","Brot, Cerealien & Aufstriche","False","https://img.rewe-static.de/7658053/42725837_digital-image.png"
"REWE Beste Wahl Ciabatta-Brötchen 420g","REWE Beste Wahl","4337256737753","1.99","420g (1 kg = 4,74 €)","Brot, Cerealien & Aufstriche","False","https://img.rewe-static.de/1079129/24570060_digital-image.png"
"REWE Beste Wahl Knusper Müsli Triple Choc 500g","REWE Beste Wahl","4337256398695","2.59","500g (1 kg = 5,18 €)","Brot, Cerealien & Aufstriche","False","https://img.rewe-static.de/8069400/29398772_digital-image.png"
"Salatkönig Tzatziki 250g","Salatkönig","4045800767339","1.99","250g (1 kg = 7,96 €)","Brot, Cerealien & Aufstriche","False","https://img.rewe-static.de/5175518/23671939_digital-image.png"
"Harry Vollkorn Urtyp 500g","Harry","4071800034508","1.89","500g (1 kg = 3,78 €)","Brot, Cerealien & Aufstriche","False","https://img.rewe-static.de/2306453/23255802_digital-image.png"
"Landliebe Konfitüre Aprikose 200g","Landliebe","4002575311143","2.29","200g (1 kg = 11,45 €)","Brot, Cerealien & Aufstriche","False","https://img.rewe-static.de/0342544/2469210_digital-image.png"
"Nabio Bio Protein-Aufstrich Knallererbse 140g","Nabio","4013182020717","2.59","140g (1 kg = 18,50 €)","Brot, Cerealien & Aufstriche","False","https://img.rewe-static.de/3460518/30437785_digital-image.png"
"Harry Lüneburger geschnitten","Harry","2116190000008","1.83","1 Stück ca. 1000 g (1 kg = 1,83 €)","Brot, Cerealien & Aufstriche","False","https://img.rewe-static.de/0891183/27231667_digital-image.png"
"Entrup Streuselschnecke","Entrup","2772680000004","1.19","1 Stück","Brot, Cerealien & Aufstriche","False","https://img.rewe-static.de/2700524/30380143_digital-image.png"
"Harry Berliner Nougat","Harry","4071800057866","1.49","1 Stück","Brot, Cerealien & Aufstriche","False","https://img.rewe-static.de/8916656/38783209_digital-image.png"
"REWE Bio Linsenwaffeln mit Meersalz 90g","REWE Bio","4337256669160","1.39","90g (1 kg = 15,44 €)","Brot, Cerealien & Aufstriche","False","https://img.rewe-static.de/8962009/40979421_digital-image.png"
"Kölln Müsli Früchte ohne Zuckerzusatz 500g","Kölln","4000540001341","3.79","500g (1 kg = 7,58 €)","Brot, Cerealien & Aufstriche","False","https://img.rewe-static.de/1436293/22422169_digital-image.png"
"Popp Aioli Creme-Dip 250g","Popp","4045800767391","2.29","250g (1 kg = 9,16 €)","Brot, Cerealien & Aufstriche","False","https://img.rewe-static.de/7258002/27735796_digital-image.png"
"REWE Beste Wahl Gourmetbrötchen 480g","REWE Beste Wahl","4337256713368","2.79","480g (1 kg = 5,81 €)","Brot, Cerealien & Aufstriche","False","https://img.rewe-static.de/1076737/22544150_digital-image.png"
"Harry Vollkornbrot 1kg","Harry","2155590000003","2.79","1000g","Brot, Cerealien & Aufstriche","False","https://img.rewe-static.de/2960249/23998572_digital-image.png"
"REWE Bio Mini Reiswaffeln Apfel vegan 35g","REWE Bio","4337256445979","0.79","35g (1 kg = 22,57 €)","Brot, Cerealien & Aufstriche","False","https://img.rewe-static.de/7789796/36693818_digital-image.png"
"Milka Soft Moo 140g","Milka","7622210593047","2.49","140g (1 kg = 17,79 €)","Brot, Cerealien & Aufstriche","False","https://img.rewe-static.de/8279384/29250412_digital-image.png"
"Harry Unser Mildes Dinkel 400g","Harry","4071800058849","1.89","400g (1 kg = 4,73 €)","Brot, Cerealien & Aufstriche","False","https://img.rewe-static.de/9047585/42309765_digital-image.png"
"Landliebe Marmelade Erdbeeren 180g","Landliebe","4002575631401","2.29","180g (1 kg = 12,72 €)","Brot, Cerealien & Aufstriche","False","https://img.rewe-static.de/7834906/35559937_digital-image.png"
"Harry Unser Bäckerfrisches Weltmeister-Mehrkorn 500g","Harry","4071800034874","1.69","500g (1 kg = 3,38 €)","Brot, Cerealien & Aufstriche","False","https://img.rewe-static.de/2402113/23851982_digital-image.png"
"Landliebe Fruchtcreme Himbeere 200g","Landliebe","4002575475166","2.29","200g (1 kg = 11,45 €)","Brot, Cerealien & Aufstriche","False","https://img.rewe-static.de/1989627/21390705_digital-image.png"
"Landliebe Fruchtcreme Waldbeeren 200g","Landliebe","4002575475180","2.29","200g (1 kg = 11,45 €)","Brot, Cerealien & Aufstriche","False","https://img.rewe-static.de/1989607/24526106_digital-image.png"
"Harry Bäckerfrisch Weizenmischbrot 500g","Harry","4071800003702","1.69","500g (1 kg = 3,38 €)","Brot, Cerealien & Aufstriche","False","https://img.rewe-static.de/1441574/23827127_digital-image.png"
"Milka Küchlein Cake&Choc 175g","Milka","7622300784751","2.49","175g (1 kg = 14,23 €)","Brot, Cerealien & Aufstriche","False","https://img.rewe-static.de/1483700/20715624_digital-image.png"
"REWE Beste Wahl Roggenbrötchen 560g - 8 Stück","REWE Beste Wahl","4337256742054","1.59","560g (1 kg = 2,84 €)","Brot, Cerealien & Aufstriche","False","https://img.rewe-static.de/7194361/27988119_digital-image.png"
"REWE frei von Landbrot glutenfrei 400g","REWE frei von","4337256725620","2.99","400g (1 kg = 7,48 €)","Brot, Cerealien & Aufstriche","False","https://img.rewe-static.de/7035221/26946204_digital-image.png"
"REWE Beste Wahl Brioche Bagel 300g","REWE Beste Wahl","4337256780827","2.29","300g (1 kg = 7,63 €)","Brot, Cerealien & Aufstriche","False","https://img.rewe-static.de/9047248/43303652_digital-image.png"
"Burger Sesam 250g","Burger","4012970011791","1.69","250g (1 kg = 6,76 €)","Brot, Cerealien & Aufstriche","False","https://img.rewe-static.de/6923860/1421510_digital-image.png"
"REWE Beste Wahl Pita Brottasche zum Befüllen 400g, 5 Stück","REWE Beste Wahl","4337256852616","1.89","400g (1 kg = 4,73 €)","Brot, Cerealien & Aufstriche","False","https://img.rewe-static.de/8435547/31442329_digital-image.png"
"REWE Beste Wahl Dinkel Brötchen 340g","REWE Beste Wahl","4337256726948","1.99","340g (1 kg = 5,85 €)","Brot, Cerealien & Aufstriche","False","https://img.rewe-static.de/8112128/29007198_digital-image.png"
"Wasa Knäckebrot Tasty Snacks Rosmarin & Seasalt crisps 190g","Wasa","7300400126229","2.99","190g (1 kg = 15,74 €)","Brot, Cerealien & Aufstriche","False","https://img.rewe-static.de/1183340/11707860_digital-image.png"
"Dr. Oetker Vitalis Weniger süß Knusper-Himbeere 425g","Dr. Oetker","4000521010423","3.99","425g (1 kg = 9,39 €)","Brot, Cerealien & Aufstriche","False","https://img.rewe-static.de/1391892/23174412_digital-image.png"
"REWE Beste Wahl Porridge Apfel Zimt 350g","REWE Beste Wahl","4337256621427","1.89","350g (1 kg = 5,40 €)","Brot, Cerealien & Aufstriche","False","https://img.rewe-static.de/7687662/39569303_digital-image.png"
"Simply V Streichzart Natur vegan 150g","Simply V","4002468180825","2.49","150g (1 kg = 16,60 €)","Brot, Cerealien & Aufstriche","False","https://img.rewe-static.de/2857321/43120622_digital-image.png"
"Leicht&Cross Knusperbrot Roggen 125g","Leicht & Cross","4008404001018","1.39","125g (1 kg = 11,12 €)","Brot, Cerealien & Aufstriche","False","https://img.rewe-static.de/0206768/23305915_digital-image.png"
"Harry Anno 1688 Weizenmischbrot Traditionell 500g","Harry","4071800052618","2.29","500g (1 kg = 4,58 €)","Brot, Cerealien & Aufstriche","False","https://img.rewe-static.de/7996617/31210115_digital-image.png"
"REWE Beste Wahl Porridge Schokolade 350g","REWE Beste Wahl","4337256631846","1.89","350g (1 kg = 5,40 €)","Brot, Cerealien & Aufstriche","False","https://img.rewe-static.de/8924866/39569524_digital-image.png"
"Nestlé Lion Cereals Karamell & Schoko Maxipack 675g","Lion","3387390321074","5.79","675g (1 kg = 8,58 €)","Brot, Cerealien & Aufstriche","False","https://img.rewe-static.de/5654092/20406102_digital-image.png"
"Harry Dinkelkrüstchen 480g 6 Stück","Harry","4071800057637","2.69","480g (1 kg = 5,60 €)","Brot, Cerealien & Aufstriche","False","https://img.rewe-static.de/8905254/38716268_digital-image.png"
"Corny Hafer-Kraft & Skyr 40g","CORNY","4011800399917","2.49","3x40g (1 kg = 20,75 €)","Brot, Cerealien & Aufstriche","False","https://img.rewe-static.de/8877781/39953589_digital-image.png"
"Tartex Bio scharfe Tomate Aufstrich 135g","Tartex","4005514067606","2.89","135g (1 kg = 21,41 €)","Brot, Cerealien & Aufstriche","False","https://img.rewe-static.de/7976249/46188941_digital-image.png"
"Nestlé Cini Minis Cerealien mit Zimtgeschmack und Vollkorn Maxipack 625g","Nestlé","3387390320190","5.79","625g (1 kg = 9,26 €)","Brot, Cerealien & Aufstriche","False","https://img.rewe-static.de/7226144/1933310_digital-image.png"
"Nestlé Nesquik Duo braune und weiße Schoko Cerealien mit Vollkorn 325g","Nesquik","7613031570126","3.99","325g (1 kg = 12,28 €)","Brot, Cerealien & Aufstriche","False","https://img.rewe-static.de/0326760/25162033_digital-image.png"
"Harry Knolli Das Kartoffelbrot 500g","Harry","4071800000947","1.89","500g (1 kg = 3,78 €)","Brot, Cerealien & Aufstriche","False","https://img.rewe-static.de/6328237/2128320_digital-image.png"
"Entrup Kaiserbrötchen Mohn 70g","Entrup","4020691019927","0.35","1 Stück","Brot, Cerealien & Aufstriche","False","https://img.rewe-static.de/7601035/43044856_digital-image.png"
"Alpenhain Obazda 125g","Alpenhain","4003751002848","2.29","125g (1 kg = 18,32 €)","Brot, Cerealien & Aufstriche","False","https://img.rewe-static.de/8913633/29842593_digital-image.png"
"REWE Beste Wahl Knusper Müsli Schoko&Keks 500g","REWE Beste Wahl","4337256748490","2.59","500g (1 kg = 5,18 €)","Brot, Cerealien & Aufstriche","False","https://img.rewe-static.de/8066294/29725346_digital-image.png"
"Milka Choco Brookie 132g","Milka","7622201513764","2.49","132g (1 kg = 18,86 €)","Brot, Cerealien & Aufstriche","False","https://img.rewe-static.de/8757465/36543578_digital-image.png"
"Harry Weizen Toastbrötchen 335g, 6 Stück","Harry","4071800038551","1.79","335g (1 kg = 5,34 €)","Brot, Cerealien & Aufstriche","False","https://img.rewe-static.de/2589633/24635813_digital-image.png"
"Bonne Maman Erdbeer-Quitten-Konfitüre 370g","Bonne Maman","3045320090031","3.29","370g (1 kg = 8,89 €)","Brot, Cerealien & Aufstriche","False","https://img.rewe-static.de/7226233/22685741_digital-image.png"
"Feinkost Popp Brotaufstrich Minis 3x40g","Popp","4045800510430","1.89","3x40g (1 kg = 15,75 €)","Brot, Cerealien & Aufstriche","False","https://img.rewe-static.de/7873410/33476552_digital-image.png"
"Nestlé Yes Cacao Torty 3er Multipack 3x32g","Nestlé","8445290464095","1.99","96g (1 kg = 20,73 €)","Brot, Cerealien & Aufstriche","False","https://img.rewe-static.de/0206117/16112870_digital-image.png"
"Harry Butter-Toast 500g","Harry","4071800000558","1.89","500g (1 kg = 3,78 €)","Brot, Cerealien & Aufstriche","False","https://img.rewe-static.de/4922441/3488840_digital-image.png"
"Harry Roggenbrot 400g","Harry","2166740000002","1.29","400g (1 kg = 3,23 €)","Brot, Cerealien & Aufstriche","False","https://img.rewe-static.de/7282584/27904955_digital-image.png"
"REWE Beste Wahl Käsekuchen 400g","REWE Beste Wahl","4337256275156","2.49","400g (1 kg = 6,23 €)","Brot, Cerealien & Aufstriche","False","https://img.rewe-static.de/8614161/34042126_digital-image.png"
"REWE Bio Naturland Dinkel Crunchy 500g","REWE Bio","4337256632072","2.59","500g (1 kg = 5,18 €)","Brot, Cerealien & Aufstriche","False","https://img.rewe-static.de/8922978/39968634_digital-image.png"
"Zuegg Fruchtaufstrich Feige 330g","Zuegg","80298403","2.89","330g (1 kg = 8,76 €)","Brot, Cerealien & Aufstriche","False","https://img.rewe-static.de/0263232/835340_digital-image.png"
"Nestlé Nesquik Knusper Frühstück 330g","Nesquik","7613033212949","3.79","330g (1 kg = 11,48 €)","Brot, Cerealien & Aufstriche","False","https://img.rewe-static.de/8527116/32803052_digital-image.png"
"Golden Toast Dinkel Harmonie Sandwich 375g","Golden Toast","4009249047032","1.99","375g (1 kg = 5,31 €)","Brot, Cerealien & Aufstriche","False","https://img.rewe-static.de/8642603/34671145_digital-image.png"
"Glück Fruchtaufstrich passiert aus Himbeeren 230g","Glück","4054600880117","3.29","230g (1 kg = 14,30 €)","Brot, Cerealien & Aufstriche","False","https://img.rewe-static.de/7192139/29632228_digital-image.png"
"REWE Bio Erdnussbutter Crunchy vegan 250g","REWE Bio","4337256576604","1.99","250g (1 kg = 7,96 €)","Brot, Cerealien & Aufstriche","False","https://img.rewe-static.de/7713845/39016997_digital-image.png"
"Popp Eiersalat 200g","Popp","4045800771282","2.19","200g (1 kg = 10,95 €)","Brot, Cerealien & Aufstriche","False","https://img.rewe-static.de/8319574/31153727_digital-image.png"
"REWE Bio Naturland Knusperknäcke Käse & Kürbiskern 200g","REWE Bio","4337256662413","2.29","200g (1 kg = 11,45 €)","Brot, Cerealien & Aufstriche","False","https://img.rewe-static.de/8966039/41497354_digital-image.png"
"KitKat Cereal 330g","Kitkat","8445290728791","3.99","330g (1 kg = 12,09 €)","Brot, Cerealien & Aufstriche","False","https://img.rewe-static.de/8901098/43089214_digital-image.png"
"Harry Vital+ Saaten Brötchen 4 Stück 360g","Harry","4071800055961","1.99","360g (1 kg = 5,53 €)","Brot, Cerealien & Aufstriche","False","https://img.rewe-static.de/8743373/35802393_digital-image.png"
"REWE frei von Bio Zarte Haferflocken glutenfrei 500g","REWE frei von","4337256164825","2.49","500g (1 kg = 4,98 €)","Brot, Cerealien & Aufstriche","False","https://img.rewe-static.de/8041311/30734219_digital-image.png"
"Milka Choco Brownie 6x25g","Milka","7622210635396","2.49","150g (1 kg = 16,60 €)","Brot, Cerealien & Aufstriche","False","https://img.rewe-static.de/3042168/26422790_digital-image.png"
"Biozentrale Bio Maiswaffeln 120g","biozentrale","4005009101839","1.69","120g (1 kg = 14,08 €)","Brot, Cerealien & Aufstriche","False","https://img.rewe-static.de/1051596/23476315_digital-image.png"
"Harry Anno 1688 Vollkornbrot 500g","Harry","4071800058832","1.89","500g (1 kg = 3,78 €)","Brot, Cerealien & Aufstriche","True","https://img.rewe-static.de/9964726/44969426_digital-image.png"
"Nestlé Cookie Crisp Cerealien 375g","Nestlé","5011546457277","3.79","375g (1 kg = 10,11 €)","Brot, Cerealien & Aufstriche","False","https://img.rewe-static.de/0111481/2138830_digital-image.png"
"Sonntagsbrötchen","NA","4071800054506","0.19","1 Stück","Brot, Cerealien & Aufstriche","False","https://img.rewe-static.de/4147324/30283639_digital-image.png"
"Reis-fit Risbellis Apfel & Zimt 40g","Reis-Fit","4006237091039","1.39","40g (1 kg = 34,75 €)","Brot, Cerealien & Aufstriche","False","https://img.rewe-static.de/6898270/9245760_digital-image.png"
"REWE Bio Naturland Dinkel Früchte Müsli 500g","REWE Bio","4337256641760","2.79","500g (1 kg = 5,58 €)","Brot, Cerealien & Aufstriche","False","https://img.rewe-static.de/7682555/40080749_digital-image.png"
"Schwartau Extra Waldfrucht 340g","Schwartau","4011800841812","2.89","340g (1 kg = 8,50 €)","Brot, Cerealien & Aufstriche","False","https://img.rewe-static.de/8653312/34397501_digital-image.png"
"Schwartau Samt Erdbeere weniger Zucker 255g","Schwartau","4011800174217","2.69","255g (1 kg = 10,55 €)","Brot, Cerealien & Aufstriche","False","https://img.rewe-static.de/9001368/41788843_digital-image.png"
"Harry Kaiserbrötchen","Harry","4071800054940","0.2","1 Stück","Brot, Cerealien & Aufstriche","False","https://img.rewe-static.de/7868963/34116794_digital-image.png"
"Harry Weltmeister-Mehrkorn 750g","Harry","2155770000007","1.99","750g (1 kg = 2,65 €)","Brot, Cerealien & Aufstriche","False","https://img.rewe-static.de/4620470/22199196_digital-image.png"
"Ovomaltine Crunchy Cream 400g","Ovomaltine","7612100917954","4.49","400g (1 kg = 11,23 €)","Brot, Cerealien & Aufstriche","False","https://img.rewe-static.de/9033077/42612040_digital-image.png"
"REWE Beste Wahl Zwiebelbaguette 250g","REWE Beste Wahl","4337256706148","1.99","250g (1 kg = 7,96 €)","Brot, Cerealien & Aufstriche","False","https://img.rewe-static.de/8308124/29619904_digital-image.png"
"REWE Feine Welt Fruchtaufstrich Kanadische Heidelbeere 250g","REWE Feine Welt","4337256547864","1.99","250g (1 kg = 7,96 €)","Brot, Cerealien & Aufstriche","False","https://img.rewe-static.de/0672276/4969370_digital-image.png"
"Schär Wraps glutenfrei 160g","Schär","8008698011683","2.89","160g (1 kg = 18,06 €)","Brot, Cerealien & Aufstriche","False","https://img.rewe-static.de/2411183/26941044_digital-image.png"
"REWE Bio Vollkornbaguette 300g","REWE Bio","4337256670791","1.89","300g (1 kg = 6,30 €)","Brot, Cerealien & Aufstriche","True","https://img.rewe-static.de/8962703/41226394_digital-image.png"
"Croissant mit Pistaziencremefüllung","NA","2721250000005","0.99","1 Stück","Brot, Cerealien & Aufstriche","False","https://img.rewe-static.de/9981869/44782493_digital-image.png"
"Schwartau Extra Schwarze Johannisbeere 340g","Schwartau","4011800841515","2.89","340g (1 kg = 8,50 €)","Brot, Cerealien & Aufstriche","False","https://img.rewe-static.de/8654299/34885793_digital-image.png"
"Pågen Kraft Bröd 650g","Pågen","7311070017601","2.89","650g","Brot, Cerealien & Aufstriche","False","https://img.rewe-static.de/8982658/42154693_digital-image.png"
"Salatkönig Tzatziki 500g","Salatkönig","4045800767315","2.69","500g (1 kg = 5,38 €)","Brot, Cerealien & Aufstriche","False","https://img.rewe-static.de/5459214/3443190_digital-image.png"
"Harry 1688 Steinofenbrot 250g","Harry","4071800000862","1.39","250g (1 kg = 5,56 €)","Brot, Cerealien & Aufstriche","False","https://img.rewe-static.de/4923499/4772190_digital-image.png"
"Nestlé Lion Wild Crush 360g","Lion","7613038529929","3.99","360g (1 kg = 11,08 €)","Brot, Cerealien & Aufstriche","False","https://img.rewe-static.de/8387229/30526406_digital-image.png"
"Schwartau Extra Pfirsich Konfitüre 340g","Schwartau","4011800841218","2.69","340g (1 kg = 7,91 €)","Brot, Cerealien & Aufstriche","False","https://img.rewe-static.de/7071774/27383783_digital-image.png"
"Corny Milch Dark & White 4X30g","CORNY","4011800562816","1.79","4x30g (1 kg = 14,92 €)","Brot, Cerealien & Aufstriche","False","https://img.rewe-static.de/1371553/20361903_digital-image.png"
"Harry Fladenbrot 500g","Harry","4071800008394","1.69","500g (1 kg = 3,38 €)","Brot, Cerealien & Aufstriche","False","https://img.rewe-static.de/3958043/9053670_digital-image.png"
"Zentis Konfitüre Erdbeere fein passiert 230g","Zentis","4002575629217","1.89","230g (1 kg = 8,22 €)","Brot, Cerealien & Aufstriche","False","https://img.rewe-static.de/7782273/36111904_digital-image.png"
"Nestle Clusters Chocolate 330g","Nestlé","7613287309228","3.99","330g (1 kg = 12,09 €)","Brot, Cerealien & Aufstriche","False","https://img.rewe-static.de/7912408/33123687_digital-image.png"
"Ruf Porridge Himbeer White Choc 65g","Ruf","4002809018510","0.89","65g (1 kg = 13,69 €)","Brot, Cerealien & Aufstriche","False","https://img.rewe-static.de/8425849/31077031_digital-image.png"
"Develey Sour Cream Sauce 250ml","Develey","4006824008884","1.79","250ml (1 l = 7,16 €)","Brot, Cerealien & Aufstriche","False","https://img.rewe-static.de/8516535/34111515_digital-image.png"
"Grossmann Aioli 200g","Grossmann","4006495162809","1.89","200g (1 kg = 9,45 €)","Brot, Cerealien & Aufstriche","False","https://img.rewe-static.de/0181348/31403138_digital-image.png"
"Harry Buttermilchbatzen","Harry","4071800055527","2.19","350g (1 kg = 6,26 €)","Brot, Cerealien & Aufstriche","False","https://img.rewe-static.de/7826253/35198486_digital-image.png"
"Sinnack Bio Steinofen Baguette kernig 250g","Sinnack","4009097033713","1.49","250g (1 kg = 5,96 €)","Brot, Cerealien & Aufstriche","False","https://img.rewe-static.de/9925332/46936985_digital-image.png"
"Harry Bio Pures Dinkelbrot 300g","Harry","4071800059839","2.79","300g (1 kg = 9,30 €)","Brot, Cerealien & Aufstriche","False","https://img.rewe-static.de/9950039/46625602_digital-image.png"
"Harry Brioche-Brötchen","Harry","4071800058979","0.69","1 Stück","Brot, Cerealien & Aufstriche","False","https://img.rewe-static.de/7609829/43694672_digital-image.png"
"REWE Feine Welt Mandelcreme 200g","REWE Feine Welt","4337256422710","3.99","200g (1 kg = 19,95 €)","Brot, Cerealien & Aufstriche","False","https://img.rewe-static.de/2510435/24826566_digital-image.png"
"Schär Panino Laugenbrötchen glutenfrei 100g","Schär","8008698026953","2.29","100g (1 kg = 22,90 €)","Brot, Cerealien & Aufstriche","False","https://img.rewe-static.de/8358692/34314916_digital-image.png"
"Dreyer Honig Kaltgeschleudert 500g","Dreyer","4009265002206","4.99","500g (1 kg = 9,98 €)","Brot, Cerealien & Aufstriche","False","https://img.rewe-static.de/0747890/21662099_digital-image.png"
"REWE frei von Ciabattabrötchen glutenfrei 290g","REWE frei von","4337256740067","2.99","305g (1 kg = 9,80 €)","Brot, Cerealien & Aufstriche","False","https://img.rewe-static.de/8014217/31853216_digital-image.png"
"Arte Tapas Pan Tostado Bruschetta Tomate 150g","NA","4004019075154","1.39","150g (1 kg = 9,27 €)","Brot, Cerealien & Aufstriche","False","https://img.rewe-static.de/7792202/35899766_digital-image.png"
"REWE frei von Supersandwich glutenfrei 300g","REWE frei von","4337256726337","2.49","300g (1 kg = 8,30 €)","Brot, Cerealien & Aufstriche","False","https://img.rewe-static.de/9101030/41928610_digital-image.png"
"Schwartau Holsteiner Pflaumenmus 330g","Schwartau","4011800848019","2.69","330g (1 kg = 8,15 €)","Brot, Cerealien & Aufstriche","False","https://img.rewe-static.de/1911682/20959203_digital-image.png"
"Dinkelbrötchen 75g","NA","4071800060866","0.35","1 Stück","Brot, Cerealien & Aufstriche","False","https://img.rewe-static.de/8165934/47070265_digital-image.png"
"Kuchenmeister Wiener Böden hell 400g","Kuchenmeister","4101540739347","3.99","400g (1 kg = 9,98 €)","Brot, Cerealien & Aufstriche","False","https://img.rewe-static.de/7993195/31322374_digital-image.png"
"Mayo Knoblauchcreme 200g","Mayo Feinkost","4009457530029","1.69","200g (1 kg = 8,45 €)","Brot, Cerealien & Aufstriche","False","https://img.rewe-static.de/0264249/22807632_digital-image.png"
"3 Toques Königinpasteten zum Füllen 150g","NA","3162150030638","1.79","150g (1 kg = 11,93 €)","Brot, Cerealien & Aufstriche","False","https://img.rewe-static.de/8050523/29881639_digital-image.png"
"Entrup Frankfurter Croissant","Entrup","2751960000002","1.79","1 Stück","Brot, Cerealien & Aufstriche","False","https://img.rewe-static.de/8344706/29969332_digital-image.png"
"Aryzta Laugenkranz","NA","2726410000000","1.79","280g (1 kg = 6,39 €)","Brot, Cerealien & Aufstriche","False","https://img.rewe-static.de/8758184/35801779_digital-image.png"
"Ibis Milchbrötchen 480g","Ibis","4012263013907","2.39","480g (1 kg = 4,98 €)","Brot, Cerealien & Aufstriche","False","https://img.rewe-static.de/0347571/957290_digital-image.png"
"REWE Bio + vegan Streichcreme Paprika, Kichererbse & Chili 180g","REWE Bio","4337256398732","1.25","180g (1 kg = 6,94 €)","Brot, Cerealien & Aufstriche","False","https://img.rewe-static.de/8215577/28936185_digital-image.png"
"Leicht&Cross Knusperbrot Vital 125g","Leicht & Cross","4001518006450","1.39","125g (1 kg = 11,12 €)","Brot, Cerealien & Aufstriche","False","https://img.rewe-static.de/3316335/23249631_digital-image.png"
"REWE Bio Creamy Erdnussbutter 250g","REWE Bio","4388844213098","1.99","250g (1 kg = 7,96 €)","Brot, Cerealien & Aufstriche","False","https://img.rewe-static.de/0946608/6439830_digital-image.png"
"REWE frei von Hamburger Brötchen glutenfrei 180g","REWE frei von","4337256099097","2.19","180g (1 kg = 12,17 €)","Brot, Cerealien & Aufstriche","False","https://img.rewe-static.de/8148364/30734184_digital-image.png"
"Kölln Schoko Hafer-Müsli 30% weniger Zucker 500g","Kölln","4000540053869","3.79","500g (1 kg = 7,58 €)","Brot, Cerealien & Aufstriche","False","https://img.rewe-static.de/9939097/46039443_digital-image.png"
"Kölln Müsli Knusper Schoko & Keks 500g","Kölln","4000540003222","3.79","500g (1 kg = 7,58 €)","Brot, Cerealien & Aufstriche","False","https://img.rewe-static.de/1436294/20491751_digital-image.png"
"Dr. Oetker Vitalis Knusper Müsli Brownie Style 400g","Dr. Oetker","4000521035723","3.99","400g (1 kg = 9,98 €)","Brot, Cerealien & Aufstriche","False","https://img.rewe-static.de/7568529/44714246_digital-image.png"
"Kölln Crunchy Choc Choc Choc Hafermüsli 400g","Kölln","4000540003130","3.79","400g (1 kg = 9,48 €)","Brot, Cerealien & Aufstriche","False","https://img.rewe-static.de/8904011/38859705_digital-image.png"
"Wasa Knäckebrot Sesam & Vollkorn 200g","Wasa","7300400482905","2.39","200g (1 kg = 11,95 €)","Brot, Cerealien & Aufstriche","False","https://img.rewe-static.de/8830904/36987085_digital-image.png"
"REWE frei von Bio Hafer Crunchy glutenfrei 400g","REWE frei von","4337256692564","2.99","400g (1 kg = 7,48 €)","Brot, Cerealien & Aufstriche","False","https://img.rewe-static.de/8983567/41578509_digital-image.png"
"Harry Goldkruste 750g","Harry","2724780000002","2.39","750g (1 kg = 3,19 €)","Brot, Cerealien & Aufstriche","False","https://img.rewe-static.de/5658098/2068560_digital-image.png"
"Kölln Zartes Bircher Nussiges Hafer-Müsli 500g","Kölln","4000540001549","3.79","500g (1 kg = 7,58 €)","Brot, Cerealien & Aufstriche","False","https://img.rewe-static.de/8567329/37199558_digital-image.png"
"REWE Beste Wahl Streichgenuss Tomate Basilikum vegan 150g","REWE Beste Wahl","4337256789998","1.29","150g (1 kg = 8,60 €)","Brot, Cerealien & Aufstriche","False","https://img.rewe-static.de/9154300/43484050_digital-image.png"
"Zentis Erdbeer-Konfitüre 230g","Zentis","4002575629057","1.89","230g (1 kg = 8,22 €)","Brot, Cerealien & Aufstriche","False","https://img.rewe-static.de/8765726/36111940_digital-image.png"
"Pågen Soft Bröd 530g","Pågen","7311070031430","1.99","530g (1 kg = 3,75 €)","Brot, Cerealien & Aufstriche","True","https://img.rewe-static.de/3459189/29406416_digital-image.png"
"Wasa Knäckebrot Milch & Joghurt 230g","Wasa","7300400482684","2.39","230g (1 kg = 10,39 €)","Brot, Cerealien & Aufstriche","False","https://img.rewe-static.de/7909062/33278373_digital-image.png"
"Harry Vital & pur 250g","Harry","4071800053462","1.99","250g (1 kg = 7,96 €)","Brot, Cerealien & Aufstriche","False","https://img.rewe-static.de/8509722/32192093_digital-image.png"
"Ölz Butterzopf mit Honig 500g","Ölz","9005300005077","2.99","500g (1 kg = 5,98 €)","Brot, Cerealien & Aufstriche","False","https://img.rewe-static.de/1956450/2920170_digital-image.png"
"Butcher's Burger Dinkel Burger Buns 4 Stück","Butcher's Burger","21427459","1.69","300g (1 kg = 5,63 €)","Brot, Cerealien & Aufstriche","False","https://img.rewe-static.de/7837333/34928240_digital-image.png"
"REWE Bio Reiswaffeln mit Hirse und Mais 100g","REWE Bio","4337256505468","0.99","100g (1 kg = 9,90 €)","Brot, Cerealien & Aufstriche","False","https://img.rewe-static.de/7046681/28148102_digital-image.png"
"REWE Beste Wahl Feta-Creme 130g","REWE Beste Wahl","4337256727211","2.29","130g (1 kg = 17,62 €)","Brot, Cerealien & Aufstriche","False","https://img.rewe-static.de/9097200/41923205_digital-image.png"
"Nestle Nesquik Intense Choco Waves 330g","Nestlé","7613287433633","3.79","330g (1 kg = 11,48 €)","Brot, Cerealien & Aufstriche","False","https://img.rewe-static.de/7943496/32684659_digital-image.png"
"Davert Bio Cornflakes 250g","Davert","4019339291016","2.79","250g (1 kg = 11,16 €)","Brot, Cerealien & Aufstriche","False","https://img.rewe-static.de/2389049/31209911_digital-image.png"
"Harry Eiweiß Toastbrötchen 225g","Harry","4071800058269","1.79","225g (1 kg = 7,96 €)","Brot, Cerealien & Aufstriche","False","https://img.rewe-static.de/7657967/40416341_digital-image.png"
"Schwartau Extra Aprikose Konfitüre 340g","Schwartau","4011800840310","2.69","340g (1 kg = 7,91 €)","Brot, Cerealien & Aufstriche","False","https://img.rewe-static.de/9273891/2037840_digital-image.png"
"Entrup Spritzring Fondant","Entrup","2727570000008","1.19","1 Stück","Brot, Cerealien & Aufstriche","False","https://img.rewe-static.de/8068769/30564222_digital-image.png"
"Harry Vollkornbatzen geschnitten","Harry","2204410000003","2.65","1 Stück ca. 1000 g (1 kg = 2,65 €)","Brot, Cerealien & Aufstriche","False","https://img.rewe-static.de/0881432/12496980_digital-image.png"
"7 Days Croissants 4 Stück","7 Days","7622202009808","2.59","4x60g (1 kg = 10,79 €)","Brot, Cerealien & Aufstriche","False","https://img.rewe-static.de/0765225/31180123_digital-image.png"
"Aryzta Croissant Schinken Käse","NA","27109618","0.89","1 Stück","Brot, Cerealien & Aufstriche","False","https://img.rewe-static.de/8017121/30918721_digital-image.png"
"Landliebe Fruchtcreme Erdbeere 200g","Landliebe","4002575475142","2.29","200g (1 kg = 11,45 €)","Brot, Cerealien & Aufstriche","False","https://img.rewe-static.de/1989625/21390688_digital-image.png"
"Pascal &Ernest Mini Madeleines 400g","Pascal Ernest","4260121235095","2.19","400g (1 kg = 5,48 €)","Brot, Cerealien & Aufstriche","False","https://img.rewe-static.de/8043554/30278187_digital-image.png"
"Landliebe Gelee Johannisbeere 200g","Landliebe","4002575475227","2.29","200g (1 kg = 11,45 €)","Brot, Cerealien & Aufstriche","False","https://img.rewe-static.de/1989628/21506485_digital-image.png"
"Pågen Röst BRÖD 750g","Pågen","7311070017977","2.89","750g","Brot, Cerealien & Aufstriche","False","https://img.rewe-static.de/7568527/44320035_digital-image.png"
"REWE frei von Bio Knusperbrot Mais glutenfrei 130g","REWE frei von","4337256093194","1.39","130g (1 kg = 10,69 €)","Brot, Cerealien & Aufstriche","False","https://img.rewe-static.de/7075792/28102161_digital-image.png"
"Bakerman Mini Pizzadonut Flammkuchen","NA","4049411000236","1.29","1 Stück","Brot, Cerealien & Aufstriche","False","https://img.rewe-static.de/8984473/42902536_digital-image.png"
"REWE Feine Welt Spekulatius-Glück Spekulatiuscreme 200g","REWE Feine Welt","4337256846431","2.29","200g (1 kg = 11,45 €)","Brot, Cerealien & Aufstriche","False","https://img.rewe-static.de/1015298/8261840_digital-image.png"
"REWE frei von Bio Haferriegel Frucht glutenfrei 25g","REWE frei von","4337256396356","0.89","25g (1 kg = 35,60 €)","Brot, Cerealien & Aufstriche","False","https://img.rewe-static.de/8706578/36647164_digital-image.png"
"Harry Kürbiskernbrötchen","Harry","4071800057712","0.39","1 Stück","Brot, Cerealien & Aufstriche","False","https://img.rewe-static.de/8901803/39216023_digital-image.png"
"Mövenpick Gourmet-Frühstück Aprikosen Fruchtaufstrich 250g","Mövenpick","4011800202026","2.79","250g (1 kg = 11,16 €)","Brot, Cerealien & Aufstriche","False","https://img.rewe-static.de/5074118/2438750_digital-image.png"
"Nestlé Lion Wild Crush Maxi Pack 600g","Lion","7613039115220","5.79","600g (1 kg = 9,65 €)","Brot, Cerealien & Aufstriche","False","https://img.rewe-static.de/8383591/30785269_digital-image.png"
"Zentis Konfitüre Aprikose 230g","Zentis","4002575629071","1.89","230g (1 kg = 8,22 €)","Brot, Cerealien & Aufstriche","False","https://img.rewe-static.de/8766519/36111979_digital-image.png"
"REWE Beste Wahl Milchbrötchen 480g","REWE Beste Wahl","4337256845328","2.19","480g (1 kg = 4,56 €)","Brot, Cerealien & Aufstriche","False","https://img.rewe-static.de/7966574/32410595_digital-image.png"
"Nutella plant based 350g","Nutella","8000500426494","3.99","350g (1 kg = 11,40 €)","Brot, Cerealien & Aufstriche","False","https://img.rewe-static.de/9946679/45299013_digital-image.png"
"Ibis Original französische Schokobrötchen 360g","Ibis","4012263013617","2.29","360g (1 kg = 6,36 €)","Brot, Cerealien & Aufstriche","False","https://img.rewe-static.de/1348337/3777250_digital-image.png"
"REWE Bio Porridge Kakao 500g","REWE Bio","4337256095891","2.39","500g (1 kg = 4,78 €)","Brot, Cerealien & Aufstriche","True","https://img.rewe-static.de/8471116/32285171_digital-image.png"
"REWE Bio Braunes Mandelmus vegan 250g","REWE Bio","4337256930321","5.79","250g (1 kg = 23,16 €)","Brot, Cerealien & Aufstriche","False","https://img.rewe-static.de/9057280/40979412_digital-image.png"
"REWE Beste Wahl Knusper Müsli weiße Schokolade Himbeere 500g","REWE Beste Wahl","4337256747790","2.59","500g (1 kg = 5,18 €)","Brot, Cerealien & Aufstriche","False","https://img.rewe-static.de/3011756/26618733_digital-image.png"
"Ölz Mohnstreuselkuchen 400g","Ölz","9005300005947","2.99","400g (1 kg = 7,48 €)","Brot, Cerealien & Aufstriche","False","https://img.rewe-static.de/3015416/25980490_digital-image.png"
"Noa Brotaufstrich Linse Curry 175g","NOA","4058094310013","1.79","175g (1 kg = 10,23 €)","Brot, Cerealien & Aufstriche","True","https://img.rewe-static.de/2871255/25476445_digital-image.png"
"Corny Erdbeer-Joghurt 6x25g","CORNY","4011800524210","1.79","6x25g (1 kg = 11,93 €)","Brot, Cerealien & Aufstriche","False","https://img.rewe-static.de/0544635/25962592_digital-image.png"
"REWE Beste Wahl Knusper Müsli Honey Nuts 500g","REWE Beste Wahl","4337256820882","2.59","500g (1 kg = 5,18 €)","Brot, Cerealien & Aufstriche","False","https://img.rewe-static.de/3011754/26526846_digital-image.png"
"REWE Beste Wahl Madeleines 250g","REWE Beste Wahl","4337256842464","2.19","250g (1 kg = 8,76 €)","Brot, Cerealien & Aufstriche","False","https://img.rewe-static.de/8003683/31590565_digital-image.png"
"REWE Bio Nuss-Nougat-Creme 400g","REWE Bio","4337256894975","2.99","400g (1 kg = 7,48 €)","Brot, Cerealien & Aufstriche","False","https://img.rewe-static.de/1004052/8860180_digital-image.png"
"REWE Bio Naturland Blütenhonig Cremig 500g","REWE Bio","4337256762137","3.89","500g (1 kg = 7,78 €)","Brot, Cerealien & Aufstriche","False","https://img.rewe-static.de/7618383/42309383_digital-image.png"
"Wasa Tasty Snacks French Herbs 205g","Wasa","7300400482219","2.99","205g (1 kg = 14,59 €)","Brot, Cerealien & Aufstriche","False","https://img.rewe-static.de/8294986/29367563_digital-image.png"
"REWE Beste Wahl Fruchtaufstrich Aprikose 300g","REWE Beste Wahl","4337256665650","1.49","300g (1 kg = 4,97 €)","Brot, Cerealien & Aufstriche","False","https://img.rewe-static.de/8961537/40485990_digital-image.png"
"REWE Beste Wahl Bourbon-Vanille Waffeln 165g","REWE Beste Wahl","4337256834223","1.79","165g (1 kg = 10,85 €)","Brot, Cerealien & Aufstriche","False","https://img.rewe-static.de/7271714/28774419_digital-image.png"
"Bonne Maman Aprikosen-Konfitüre 370g","Bonne Maman","3045320090048","3.29","370g (1 kg = 8,89 €)","Brot, Cerealien & Aufstriche","False","https://img.rewe-static.de/6993001/7070820_digital-image.png"
"REWE Bio Fruchtschnitte Cranberry-Kirsch 150g","REWE Bio","4337256647076","2.89","150g (1 kg = 19,27 €)","Brot, Cerealien & Aufstriche","False","https://img.rewe-static.de/7681325/40145802_digital-image.png"
"D'arbo Naturrein Erdbeere fein passiert 450g","D'arbo","9001432038297","3.69","450g (1 kg = 8,20 €)","Brot, Cerealien & Aufstriche","False","https://img.rewe-static.de/0574950/21783655_digital-image.png"
"REWE Beste Wahl Nussecken mit Zartbitterschokolade 175g","REWE Beste Wahl","4337256337083","2.49","175g (1 kg = 14,23 €)","Brot, Cerealien & Aufstriche","False","https://img.rewe-static.de/2097509/22923580_digital-image.png"
"REWE Bio Körner-Sandwich 375g","REWE Bio","4337256113403","1.99","375g (1 kg = 5,31 €)","Brot, Cerealien & Aufstriche","False","https://img.rewe-static.de/1921755/21327017_digital-image.png"
"Maintal Hiffenmark Hagebutten-Konfitüre 340g","Maintal","4003740006307","2.19","340g (1 kg = 6,44 €)","Brot, Cerealien & Aufstriche","False","https://img.rewe-static.de/3399125/4781180_digital-image.png"
"Zenits Konfitüre Himbeer Erdbeer extra 230g","Zentis","4067987000221","1.89","230g (1 kg = 8,22 €)","Brot, Cerealien & Aufstriche","False","https://img.rewe-static.de/9063419/42860238_digital-image.png"
"Bonne Maman Heidelbeer-Konfitüre 370g","Bonne Maman","3608580706410","3.89","370g (1 kg = 10,51 €)","Brot, Cerealien & Aufstriche","False","https://img.rewe-static.de/1002715/22685744_digital-image.png"
"Kölln Schoko Hafer-Müsli 30% weniger Zucker 1,7kg","Kölln","4000540033878","9.99","1700g (1 kg = 5,88 €)","Brot, Cerealien & Aufstriche","False","https://img.rewe-static.de/9963121/46043060_digital-image.png"
"Tartex Bio Veganes Schmalz Zwiebel und Apfel 125g","Tartex","4005514044485","2.89","125g (1 kg = 23,12 €)","Brot, Cerealien & Aufstriche","False","https://img.rewe-static.de/7703629/39312601_digital-image.png"
"Kölln Bio Haferflocken kernig 500g","Kölln","4000540000658","2.29","500g (1 kg = 4,58 €)","Brot, Cerealien & Aufstriche","False","https://img.rewe-static.de/8022776/31508550_digital-image.png"
"REWE Bio Blütenhonig Flüssig 500g","REWE Bio","4337256764353","3.89","500g (1 kg = 7,78 €)","Brot, Cerealien & Aufstriche","False","https://img.rewe-static.de/7616035/42309392_digital-image.png"
"REWE Bio Deutscher Blütenhonig 250g","REWE Bio","4337256762472","3.99","250g (1 kg = 15,96 €)","Brot, Cerealien & Aufstriche","False","https://img.rewe-static.de/9036587/42309421_digital-image.png"
"Mövenpick Gourmet-Frühstück Erdbeeren Fruchtaufstrich 250g","Mövenpick","4011800200022","2.79","250g (1 kg = 11,16 €)","Brot, Cerealien & Aufstriche","False","https://img.rewe-static.de/5074193/1017590_digital-image.png"
"Brandt Vollkorn-Zwieback 225g","Brandt","4013752027405","2.29","225g (1 kg = 10,18 €)","Brot, Cerealien & Aufstriche","False","https://img.rewe-static.de/4000986/7372290_digital-image.png"
"Smashed Best Taste Classic Bagel 300g","NA","5900864781167","1.89","300g","Brot, Cerealien & Aufstriche","False","https://img.rewe-static.de/8822941/36666398_digital-image.png"
"Argeta Geflügel-Aufstrich extra streichfähig 95g","Argeta","3838975566507","1.49","95g (1 kg = 15,68 €)","Brot, Cerealien & Aufstriche","False","https://img.rewe-static.de/0685069/22728165_digital-image.png"
"Echter Deutscher Honig Rapshonig 500g","NA","40287065","7.49","500g (1 kg = 14,98 €)","Brot, Cerealien & Aufstriche","False","https://img.rewe-static.de/2062470/6906530_digital-image.png"
"REWE Bio Waldhonig 250g","REWE Bio","4337256742672","2.69","250g (1 kg = 10,76 €)","Brot, Cerealien & Aufstriche","False","https://img.rewe-static.de/9028661/42309353_digital-image.png"
"Biozentrale Bio Akazienhonig 350g","biozentrale","4005009100962","5.99","350g (1 kg = 17,11 €)","Brot, Cerealien & Aufstriche","False","https://img.rewe-static.de/0894742/23477732_digital-image.png"
"Bonne Maman Pfirsich-Konfitüre 370g","Bonne Maman","3045320090055","3.29","370g (1 kg = 8,89 €)","Brot, Cerealien & Aufstriche","False","https://img.rewe-static.de/6993044/3502400_digital-image.png"
"ESN Designer Bar Peanut Caramel 45g","ESN","4250519646534","2.29","45g (1 kg = 50,89 €)","Brot, Cerealien & Aufstriche","False","https://img.rewe-static.de/8767204/34029276_digital-image.png"
"Glück Fruchtaufstrich passiert aus Brombeeren 230g","Glück","4054600880612","3.29","230g (1 kg = 14,30 €)","Brot, Cerealien & Aufstriche","False","https://img.rewe-static.de/7193488/30247354_digital-image.png"
"Koo Seville Orangenmarmelade 450g","Koo","4000243108194","2.99","450g (1 kg = 6,64 €)","Brot, Cerealien & Aufstriche","False","https://img.rewe-static.de/4295730/3685220_digital-image.png"
"REWE Feine Welt Fruchtaufstrich Orange aus Sevilla 250g","REWE Feine Welt","4337256540100","1.69","250g (1 kg = 6,76 €)","Brot, Cerealien & Aufstriche","False","https://img.rewe-static.de/2196472/22907628_digital-image.png"
"REWE Bio Hafer-Schoko Riegel 3x35g","REWE Bio","4337256824132","1.89","3x35g (1 kg = 18 €)","Brot, Cerealien & Aufstriche","False","https://img.rewe-static.de/7956836/32512233_digital-image.png"
"Berliner","NA","20190415","0.69","1 Stück","Brot, Cerealien & Aufstriche","False","https://img.rewe-static.de/2557749/26363861_digital-image.png"
"Corny Haferkraft Haselnuss Kakao vegan 4x35g","CORNY","4011800524814","1.79","4x35g (1 kg = 12,79 €)","Brot, Cerealien & Aufstriche","False","https://img.rewe-static.de/9091382/43440192_digital-image.png"
"P&E Wikinger Röllchen 200g","P&E","5453001001654","2.29","200g (1 kg = 11,45 €)","Brot, Cerealien & Aufstriche","False","https://img.rewe-static.de/0562082/6793100_digital-image.png"
"Kölln Schoko Hafer-Müsli 1700g","Kölln","4000540031874","9.99","1700g (1 kg = 5,88 €)","Brot, Cerealien & Aufstriche","False","https://img.rewe-static.de/9962017/46069912_digital-image.png"
"Harry Rosinen Brioche Brötchen 4 Stück 250g","Harry","4071800058740","1.99","250g (1 kg = 7,96 €)","Brot, Cerealien & Aufstriche","False","https://img.rewe-static.de/9937246/46661334_digital-image.png"
"Rigoni di Asiago Bio Nocciolata 250g","Rigoni di Asiago","8052575090520","4.79","250g (1 kg = 19,16 €)","Brot, Cerealien & Aufstriche","False","https://img.rewe-static.de/7671174/39957567_digital-image.png"
"Be Kind Bars Dark Chocolate Nuts & Sea Salt 90g","NA","5000159532969","2.99","90g (1 kg = 33,22 €)","Brot, Cerealien & Aufstriche","False","https://img.rewe-static.de/7940902/35441614_digital-image.png"
"Landliebe Konfitüre Sauerkirsche 200g","Landliebe","4002575311105","2.29","200g (1 kg = 11,45 €)","Brot, Cerealien & Aufstriche","False","https://img.rewe-static.de/0342546/1014030_digital-image.png"
"Glück Fruchtaufstrich Kirsche 230g","Glück","4054600821219","2.99","230g (1 kg = 13 €)","Brot, Cerealien & Aufstriche","False","https://img.rewe-static.de/3150475/27187176_digital-image.png"
"Schwäbische Laugenbrezel","NA","20327361","0.39","1 Stück","Brot, Cerealien & Aufstriche","False","https://img.rewe-static.de/0909484/26364270_digital-image.png"
"REWE frei von Mini-Brownies glutenfrei 222g","REWE frei von","4337256728133","3.49","222g (1 kg = 15,72 €)","Brot, Cerealien & Aufstriche","False","https://img.rewe-static.de/2139983/30894143_digital-image.png"
"Bonne Maman Quitten-Gelee 370g","Bonne Maman","3045320090079","3.29","370g (1 kg = 8,89 €)","Brot, Cerealien & Aufstriche","False","https://img.rewe-static.de/6993397/597190_digital-image.png"
"Kölln Das Original Schoko Hafer-Müsli 500g","Kölln","4000540071887","3.79","500g (1 kg = 7,58 €)","Brot, Cerealien & Aufstriche","False","https://img.rewe-static.de/9938215/45891436_digital-image.png"
"Bonne Maman Kirsch-Konfitüre 370g","Bonne Maman","3045320092066","3.29","370g (1 kg = 8,89 €)","Brot, Cerealien & Aufstriche","False","https://img.rewe-static.de/6992773/3893810_digital-image.png"
"Harry Zwiebelbrot geschnitten","Harry","2205880000005","2.39","1 Stück ca. 750 g (1 kg = 3,19 €)","Brot, Cerealien & Aufstriche","False","https://img.rewe-static.de/0881444/27231664_digital-image.png"
"Seitenbacher Kakao-Düsis 375g","Seitenbacher","4008391212145","2.99","375g (1 kg = 7,97 €)","Brot, Cerealien & Aufstriche","False","https://img.rewe-static.de/9789286/23179093_digital-image.png"
"Billie Green Vegane Mortadella Kirschpaprika 92g","Billie Green","4099498000353","1.59","92g (1 kg = 17,28 €)","Brot, Cerealien & Aufstriche","False","https://img.rewe-static.de/9926199/46146417_digital-image.png"
"Schwartau Extra Ananas 340g","Schwartau","4011800840211","2.69","340g (1 kg = 7,91 €)","Brot, Cerealien & Aufstriche","False","https://img.rewe-static.de/8654579/34440595_digital-image.png"
"Glück Fruchtaufstrich Rhabarber 230g","Glück","4054600821516","2.99","230g (1 kg = 13 €)","Brot, Cerealien & Aufstriche","False","https://img.rewe-static.de/3150480/29387047_digital-image.png"
"Seitenbacher Riegel Energie Bombe 50g","Seitenbacher","4008391212695","1.99","50g (1 kg = 39,80 €)","Brot, Cerealien & Aufstriche","False","https://img.rewe-static.de/2618508/1052580_digital-image.png"
"Glück Fruchtaufstich Schwarze Johannisbeere 230g","Glück","4054600821318","3.29","230g (1 kg = 14,30 €)","Brot, Cerealien & Aufstriche","False","https://img.rewe-static.de/3150465/27125326_digital-image.png"
"Dr. Oetker Vitalis Weniger Süß Schoko Müsli 450g","Dr. Oetker","4000521041977","3.99","450g (1 kg = 8,87 €)","Brot, Cerealien & Aufstriche","False","https://img.rewe-static.de/8168839/48255813_digital-image.png"
"Bonne Maman Feigen-Konfitüre 370g","Bonne Maman","3045320098051","3.29","370g (1 kg = 8,89 €)","Brot, Cerealien & Aufstriche","False","https://img.rewe-static.de/6243819/6266510_digital-image.png"
"Eat Natural Protein Erdnüsse Mandeln & Salted Caramel Riegel 3x40g","Eat Natural","8000500435731","3.49","3x40g (1 kg = 29,08 €)","Brot, Cerealien & Aufstriche","False","https://img.rewe-static.de/9948429/45298937_digital-image.png"
"Dr. Oetker Vitalis Knusper Müsli Plus Double Choc 420g","Dr. Oetker","4000521040666","3.99","420g (1 kg = 9,50 €)","Brot, Cerealien & Aufstriche","False","https://img.rewe-static.de/9903634/48255845_digital-image.png"
"KoRo Bio Pistazienmus 250g","KoRo","4260654783414","15.99","250g (1 kg = 63,96 €)","Brot, Cerealien & Aufstriche","False","https://img.rewe-static.de/8978827/43059814_digital-image.png"
"REWE frei von Sonnenblumenkernbrot laktosefrei glutenfrei 400g","REWE frei von","4337256723039","2.99","400g (1 kg = 7,48 €)","Brot, Cerealien & Aufstriche","False","https://img.rewe-static.de/8669293/35772764_digital-image.png"
"Schär Marmorkuchen glutenfrei 250g","Schär","8008698009024","3.79","250g (1 kg = 15,16 €)","Brot, Cerealien & Aufstriche","False","https://img.rewe-static.de/1929023/22881006_digital-image.png"
"Chivers Marmelade Ginger 340g","Chivers","5098732004811","3.49","340g (1 kg = 10,26 €)","Brot, Cerealien & Aufstriche","False","https://img.rewe-static.de/3142644/26179775_digital-image.png"
"Chivers English Orange Marmelade 340g","Chivers","5098732012656","3.49","340g (1 kg = 10,26 €)","Brot, Cerealien & Aufstriche","False","https://img.rewe-static.de/7631470/39278334_digital-image.png"
"Kölln Bio Multikorn-Flocken zart 500g","Kölln","4000540000481","2.99","500g (1 kg = 5,98 €)","Brot, Cerealien & Aufstriche","False","https://img.rewe-static.de/7319991/2433500_digital-image.png"
"Pascal Ernest Belgische Waffeln 200g","Pascal Ernest","4260121235316","2.69","200g (1 kg = 13,45 €)","Brot, Cerealien & Aufstriche","False","https://img.rewe-static.de/9954986/45402294_digital-image.png"
"Harry Weißbrot mit Glanz 500g","Harry","2701140000001","1.99","500g (1 kg = 3,98 €)","Brot, Cerealien & Aufstriche","False","https://img.rewe-static.de/2718179/34146381_digital-image.png"
"3Bears Granola Hafer-Crunch 325g","3Bears","4260462985901","4.99","325g (1 kg = 15,35 €)","Brot, Cerealien & Aufstriche","False","https://img.rewe-static.de/9028186/41567729_digital-image.png"
"Bihophar Wabenquell Gebirgsblüten-Honig 500g","Bihophar","40555027","4.99","500g (1 kg = 9,98 €)","Brot, Cerealien & Aufstriche","False","https://img.rewe-static.de/5034132/5431810_digital-image.png"
"Biozentrale Bio Tahin Sesammus 250g","biozentrale","4005009102720","4.19","250g (1 kg = 16,76 €)","Brot, Cerealien & Aufstriche","False","https://img.rewe-static.de/2823723/28301018_digital-image.png"
"Dr. Oetker Vitalis Früchte Müsli ohne Zucker 500g","Dr. Oetker","4000521035853","3.99","500g (1 kg = 7,98 €)","Brot, Cerealien & Aufstriche","False","https://img.rewe-static.de/7635735/42156964_digital-image.png"
"Harry Brötchen Chia Weltmeister","Harry","4071800047690","0.45","1 Stück","Brot, Cerealien & Aufstriche","False","https://img.rewe-static.de/8146150/34076581_digital-image.png"
"Hot Dog Klassik","NA","2769860000008","1.19","1 Stück","Brot, Cerealien & Aufstriche","False","https://img.rewe-static.de/8217639/28775746_digital-image.png"
"Kölln Knusprige Haferkissen Zimt 275g","Kölln","4000540003048","2.99","275g (1 kg = 10,87 €)","Brot, Cerealien & Aufstriche","False","https://img.rewe-static.de/8034396/31508554_digital-image.png"
"Schär Focaccia con Rosmarino glutenfrei 200g","Schär","8008698004678","3.29","200g (1 kg = 16,45 €)","Brot, Cerealien & Aufstriche","False","https://img.rewe-static.de/1293999/24095214_digital-image.png"
"Schär Kaiserbrötchen glutenfrei 240g","Schär","8008698038543","3.19","240g (1 kg = 13,29 €)","Brot, Cerealien & Aufstriche","False","https://img.rewe-static.de/8888546/38336117_digital-image.png"
"Wasa Sandwich Pesto 111g","Wasa","7300400483155","2.59","111g (1 kg = 23,33 €)","Brot, Cerealien & Aufstriche","False","https://img.rewe-static.de/9085012/43440156_digital-image.png"
"Langnese Feine Auslese Sommerblütenhonig goldklar 500g","Langnese Honig","4023300490117","4.49","500g (1 kg = 8,98 €)","Brot, Cerealien & Aufstriche","False","https://img.rewe-static.de/0126667/2633590_digital-image.png"
"Seitenbacher Müsli Dinkelmischung 500g","Seitenbacher","4008391008656","5.39","500g (1 kg = 10,78 €)","Brot, Cerealien & Aufstriche","False","https://img.rewe-static.de/2090015/21842372_digital-image.png"
"Harry Bäckerfrisch Malz-Mehrkorn 500g","Harry","4071800003665","1.69","500g (1 kg = 3,38 €)","Brot, Cerealien & Aufstriche","False","https://img.rewe-static.de/0483109/1608030_digital-image.png"
"D'arbo Konfitüre Schwarzkirsch 450g","D'arbo","9001432002335","4.19","450g (1 kg = 9,31 €)","Brot, Cerealien & Aufstriche","False","https://img.rewe-static.de/1107992/23328868_digital-image.png"
"Harry Pane Rustico 360g","Harry","2197320000006","1.39","360g (1 kg = 3,86 €)","Brot, Cerealien & Aufstriche","False","https://img.rewe-static.de/0788562/22200766_digital-image.png"
"Rigoni di Asiago Bio Fiordifrutta Wild-Heidelbeere 250g","Rigoni di Asiago","8001505007169","4.29","250g (1 kg = 17,16 €)","Brot, Cerealien & Aufstriche","False","https://img.rewe-static.de/0553586/30661204_digital-image.png"
"Schär Bio Brot Pure & Active glutenfrei 250g","Schär","8008698039397","3.99","250g (1 kg = 15,96 €)","Brot, Cerealien & Aufstriche","False","https://img.rewe-static.de/8780464/37459375_digital-image.png"
"Seitenbacher Tropische Mischung 750g","Seitenbacher","4008391050907","5.99","750g (1 kg = 7,99 €)","Brot, Cerealien & Aufstriche","False","https://img.rewe-static.de/6194451/7478680_digital-image.png"
"Schär Vitaminbrot glutenfrei 250g","Schär","8008698043479","3.59","250g (1 kg = 14,36 €)","Brot, Cerealien & Aufstriche","False","https://img.rewe-static.de/9027956/43876987_digital-image.png"
"Mövenpick Gourmet-Frühstück Himbeere Passionsfrucht Fruchtaufstrich 250g","Mövenpick","4011800220020","2.99","250g (1 kg = 11,96 €)","Brot, Cerealien & Aufstriche","False","https://img.rewe-static.de/8539235/649400_digital-image.png"
"Nestle Yes Törtchen Caramel 3x32g","YES","8445290464712","1.99","96g (1 kg = 20,73 €)","Brot, Cerealien & Aufstriche","False","https://img.rewe-static.de/0206118/9357430_digital-image.png"
"Bauckhof Bio Dinkel Müzli Beeren 425g","Bauckhof","4015637822310","3.99","425g (1 kg = 9,39 €)","Brot, Cerealien & Aufstriche","False","https://img.rewe-static.de/0093249/23322828_digital-image.png"
"REWE frei von Saatenbrot glutenfrei 400g","REWE frei von","4337256732079","2.79","400g (1 kg = 6,98 €)","Brot, Cerealien & Aufstriche","False","https://img.rewe-static.de/8189904/30965072_digital-image.png"
"Harry Roggenbrötchen","Harry","4071800058641","0.49","1 Stück","Brot, Cerealien & Aufstriche","False","https://img.rewe-static.de/9008931/41892985_digital-image.png"
"KoRo Bio Cashewriegel Sauerkirsche 50g","KoRo","4260718299981","1.69","50g (1 kg = 33,80 €)","Brot, Cerealien & Aufstriche","False","https://img.rewe-static.de/8830783/39641457_digital-image.png"
"Kölln Müsli Cereals Schokogeschmack in knusprigen Hafer-Kissen vegan 375g","Kölln","4000540005028","3.79","375g (1 kg = 10,11 €)","Brot, Cerealien & Aufstriche","False","https://img.rewe-static.de/7581801/44006583_digital-image.png"
"Mövenpick Haselnuss Creme Nuss & Milch 300g","Mövenpick","4011800103927","4.49","300g (1 kg = 14,97 €)","Brot, Cerealien & Aufstriche","False","https://img.rewe-static.de/8366401/30107136_digital-image.png"
"Kölln kernige Haferflocken glutenfrei 500g","Kölln","4000540000375","2.99","500g (1 kg = 5,98 €)","Brot, Cerealien & Aufstriche","False","https://img.rewe-static.de/7917092/41086297_digital-image.png"
"Ruf Porridge Classic 65g","Ruf","4002809018503","0.69","65g (1 kg = 10,62 €)","Brot, Cerealien & Aufstriche","False","https://img.rewe-static.de/8429238/31076795_digital-image.png"
"Schnitzer Bio Baguette Classic glutenfrei 360g","Schnitzer","4022993045857","4.69","2x180g (1 kg = 13,03 €)","Brot, Cerealien & Aufstriche","False","https://img.rewe-static.de/2790641/25847015_digital-image.png"
"Harry Krustenbrot geschnitten","Harry","2711400000009","0.8","1 Stück ca. 500 g (1 kg = 1,59 €)","Brot, Cerealien & Aufstriche","False","https://img.rewe-static.de/0881411/27231659_digital-image.png"
"Mövenpick Brownie 300g","Mövenpick","4101540717567","3.39","300g (1 kg = 11,30 €)","Brot, Cerealien & Aufstriche","False","https://img.rewe-static.de/8925486/40741516_digital-image.png"
"Biozentrale Bio Knusperbrot Erbse Linse 100g","biozentrale","4005009102782","1.99","100g (1 kg = 19,90 €)","Brot, Cerealien & Aufstriche","False","https://img.rewe-static.de/3552139/33509043_digital-image.png"
"Bonne Maman Rotes Johannisbeer-Gelee 370g","Bonne Maman","3045320090062","3.29","370g (1 kg = 8,89 €)","Brot, Cerealien & Aufstriche","False","https://img.rewe-static.de/6993869/16036110_digital-image.png"
"Harry Bergbauernbrot 400g","Harry","2125000000008","2.29","400g (1 kg = 5,73 €)","Brot, Cerealien & Aufstriche","False","https://img.rewe-static.de/7679794/39349209_digital-image.png"
"Schwartau Samt Maxi Erdbeere Fruchtaufstrich ohne Stücke & ohne Kerne 465g","Schwartau","4011800177416","4.19","465g (1 kg = 9,01 €)","Brot, Cerealien & Aufstriche","False","https://img.rewe-static.de/8295029/37792566_digital-image.png"
"Biozentrale Bio Haferkleie 500g","biozentrale","4005009104687","2.99","500g (1 kg = 5,98 €)","Brot, Cerealien & Aufstriche","False","https://img.rewe-static.de/2045810/23476463_digital-image.png"
"ESN Oatbar Crunchy Yoghurt 100g","ESN","4250519660288","2.39","100g (1 kg = 23,90 €)","Brot, Cerealien & Aufstriche","False","https://img.rewe-static.de/7603254/43843380_digital-image.png"
"Harry Buttercroissant","Harry","2128320000000","0.55","1 Stück","Brot, Cerealien & Aufstriche","False","https://img.rewe-static.de/1456389/21139406_digital-image.png"
"Kümmel Salz Stange","Harry","4071800044798","0.59","1 Stück","Brot, Cerealien & Aufstriche","False","https://img.rewe-static.de/7062722/27100018_digital-image.png"
"Bauckhof Bio Haferkleie 300g","Bauckhof","4015637007274","2.69","300g (1 kg = 8,97 €)","Brot, Cerealien & Aufstriche","False","https://img.rewe-static.de/7895741/33124485_digital-image.png"
"Harry Roggenzwilling 800g","Harry","2115550000009","2.19","800g (1 kg = 2,74 €)","Brot, Cerealien & Aufstriche","False","https://img.rewe-static.de/0291751/22199439_digital-image.png"
"Käse-Mozzarella-Fächer","NA","2713640000009","1.39","1 Stück","Brot, Cerealien & Aufstriche","False","https://img.rewe-static.de/0551572/27603745_digital-image.png"
"Rosenbrötchen 80g","NA","4071800044453","0.39","1 Stück","Brot, Cerealien & Aufstriche","False","https://img.rewe-static.de/7047308/26598283_digital-image.png"
"Zentis Konfitüre Schwarzkirsche 340g","Zentis","4002575643725","2.49","340g (1 kg = 7,32 €)","Brot, Cerealien & Aufstriche","False","https://img.rewe-static.de/8941705/40804345_digital-image.png"
"Harry Roggenzwilling geschnitten","Harry","2200960000005","2.19","1 Stück ca. 800 g (1 kg = 2,74 €)","Brot, Cerealien & Aufstriche","False","https://img.rewe-static.de/0881428/27231604_digital-image.png"
"ahead Crazy Pistachio Cream 200g","ahead","4260562940657","5.99","200g (1 kg = 29,95 €)","Brot, Cerealien & Aufstriche","False","https://img.rewe-static.de/9953689/46133253_digital-image.png"
"Harry Milchbrötchen 4 Stück 220g","Harry","4071800061115","1.49","220g (1 kg = 6,77 €)","Brot, Cerealien & Aufstriche","False","https://img.rewe-static.de/9894137/48284794_digital-image.png"
"Bihophar Linden-Honig 500g","Bihophar","40555126","5.99","500g (1 kg = 11,98 €)","Brot, Cerealien & Aufstriche","False","https://img.rewe-static.de/5034213/23474020_digital-image.png"
"Dr. Oetker Vitalis Porridge Apfel-Zimt 58g","Dr. Oetker","4000521033750","0.99","58g","Brot, Cerealien & Aufstriche","False","https://img.rewe-static.de/7590470/42107499_digital-image.png"
"Dreyer Akazienhonig 500g","Dreyer","4009265001407","6.99","500g (1 kg = 13,98 €)","Brot, Cerealien & Aufstriche","False","https://img.rewe-static.de/5728673/7478890_digital-image.png"
"Flora Nusscreme Brotaufstrich 350g","Flora","8719200194687","3.49","350g (1 kg = 9,97 €)","Brot, Cerealien & Aufstriche","False","https://img.rewe-static.de/8594583/34589748_digital-image.png"
"Harry Rosinenbrötchen","Harry","4071800052694","0.69","1 Stück","Brot, Cerealien & Aufstriche","False","https://img.rewe-static.de/8451808/31281639_digital-image.png"
"Kölln Früchte Hafer-Müsli Ohne Zuckerzusatz 1,7kg","Kölln","4000540001334","9.99","1700g (1 kg = 5,88 €)","Brot, Cerealien & Aufstriche","False","https://img.rewe-static.de/2065295/34791114_digital-image.png"
"Landliebe Konfitüre Waldheidelbeere 200g","Landliebe","4002575475104","2.29","200g (1 kg = 11,45 €)","Brot, Cerealien & Aufstriche","False","https://img.rewe-static.de/1989622/21506482_digital-image.png"
"REWE Beste Wahl Dineklsauerteigbrötchen 340g","REWE Beste Wahl","4337256742207","2.59","340g (1 kg = 7,62 €)","Brot, Cerealien & Aufstriche","False","https://img.rewe-static.de/7626663/42556880_digital-image.png"
"Ruf Unser Porridge Lemon Cheesecake Geschmack 65g","Ruf","4002809018725","0.89","65g","Brot, Cerealien & Aufstriche","False","https://img.rewe-static.de/7841445/43100537_digital-image.png"
"Schwartau Extra Fruchtaufstrich Aprikose Zero 280g","Schwartau","4011800843014","2.69","280g (1 kg = 9,61 €)","Brot, Cerealien & Aufstriche","False","https://img.rewe-static.de/7747285/42904293_digital-image.png"
"Seitenbacher Cornflakes Zuckerarm 500g","Seitenbacher","4008391212770","3.49","500g (1 kg = 6,98 €)","Brot, Cerealien & Aufstriche","False","https://img.rewe-static.de/8301915/31505363_digital-image.png"
"Dr. Oetker Vitalis Müsli ohne Zuckerzusatz Knusper Pur 420g","Dr. Oetker","4000521035662","4.99","420g","Brot, Cerealien & Aufstriche","False","https://img.rewe-static.de/9002665/42107841_digital-image.png"
"Dr. Oetker Vitalis Schoko Duo Müsli 390g","Dr. Oetker","4000521040642","3.99","390g (1 kg = 10,23 €)","Brot, Cerealien & Aufstriche","False","https://img.rewe-static.de/9903922/48255883_digital-image.png"
"Hafervoll Bio Organic-Flapjack Banana & Brazil Nut 60g","Hafervoll","4064888000671","1.79","60g (1 kg = 29,83 €)","Brot, Cerealien & Aufstriche","False","https://img.rewe-static.de/7715400/39363635_digital-image.png"
"Rosenbrötchen dunkel 80g","NA","4071800044477","0.39","1 Stück","Brot, Cerealien & Aufstriche","False","https://img.rewe-static.de/7047022/26810537_digital-image.png"
"Bonne Maman Erdbeere passiert 345g","Bonne Maman","3608580080732","3.29","345g (1 kg = 9,54 €)","Brot, Cerealien & Aufstriche","False","https://img.rewe-static.de/7781728/38955429_digital-image.png"
"Freiberger Pizzasnack Sucuk","Freiberger","4002084002501","1.39","1 Stück","Brot, Cerealien & Aufstriche","False","https://img.rewe-static.de/7699519/39069429_digital-image.png"
"Harry Zwiebel Ciabatta","Harry","2121840000000","1.59","250 Stück","Brot, Cerealien & Aufstriche","False","https://img.rewe-static.de/7582038/43384715_digital-image.png"
"Langnese Flotte Biene Akazien- mit Frühlingsblütenhonig 250g","Langnese Honig","4023300910301","3.99","250g (1 kg = 15,96 €)","Brot, Cerealien & Aufstriche","False","https://img.rewe-static.de/5081670/3044840_digital-image.png"
"Zentis Aachener Pflümli 350g","Zentis","4002575604603","2.49","350g (1 kg = 7,11 €)","Brot, Cerealien & Aufstriche","False","https://img.rewe-static.de/8365552/31342091_digital-image.png"
"Dr. Oetker Kuchensnack Schoko 140g","Dr. Oetker","4000521037376","2.49","140g (1 kg = 17,79 €)","Brot, Cerealien & Aufstriche","False","https://img.rewe-static.de/7581035/43747962_digital-image.png"
"Veganz Muffins Chocolate Chip vegan 150g","Veganz","4260402485744","1.99","150g (1 kg = 13,27 €)","Brot, Cerealien & Aufstriche","False","https://img.rewe-static.de/8296629/29274340_digital-image.png"
"Bonne Maman Erdnuss & Kakao Creme 350g","Bonne Maman","3608580150497","4.69","350g (1 kg = 13,40 €)","Brot, Cerealien & Aufstriche","False","https://img.rewe-static.de/9094488/43825041_digital-image.png"
"Bonne Maman Konfitüre Heidelbeere 335g","Bonne Maman","3608580069188","3.89","335g (1 kg = 11,61 €)","Brot, Cerealien & Aufstriche","False","https://img.rewe-static.de/8613882/33559601_digital-image.png"
"Dr. Oetker 4 Kleine Marzipankuchen 140g","Dr. Oetker","4000521030339","2.69","140g (1 kg = 19,21 €)","Brot, Cerealien & Aufstriche","False","https://img.rewe-static.de/8898692/38461243_digital-image.png"
"Dr. Oetker Vitalis Schoko Porridge 61g","Dr. Oetker","4000521033699","0.99","61g","Brot, Cerealien & Aufstriche","False","https://img.rewe-static.de/9079780/42107628_digital-image.png"
"La nouvelle Boulangerie Käseschnecke","NA","2194930000006","1.29","1 Stück","Brot, Cerealien & Aufstriche","False","https://img.rewe-static.de/1174528/26887278_digital-image.png"
"Schwartau Gelee nach Hausfrauenart Schwarze Johannisbeere 200g","Schwartau","40118031","2.89","200g (1 kg = 14,45 €)","Brot, Cerealien & Aufstriche","False","https://img.rewe-static.de/7076778/27047964_digital-image.png"
"Berliner Pistazie 75g","NA","4071800061009","1.49","1 Stück","Brot, Cerealien & Aufstriche","False","https://img.rewe-static.de/8165898/47788650_digital-image.png"
"DeWi Back Streuselschnitte Johannisbeere","NA","2726270000004","1.19","1 Stück","Brot, Cerealien & Aufstriche","False","https://img.rewe-static.de/8827212/36718847_digital-image.png"
"Dogan Tortillas Dürüm 200g","NA","4032549047488","1.29","200g","Brot, Cerealien & Aufstriche","False","https://img.rewe-static.de/9935676/48371266_digital-image.png"
"Dr. Oetker Vitalis Porridge Classic Vanille 58g","Dr. Oetker","4000521033675","0.99","58g","Brot, Cerealien & Aufstriche","False","https://img.rewe-static.de/8987765/42107702_digital-image.png"
"ESN Protein Dream Cream Hazelnut 200g","ESN","4250519643960","6.99","200g (1 kg = 34,95 €)","Brot, Cerealien & Aufstriche","False","https://img.rewe-static.de/3614384/36718943_digital-image.png"
"Harry Kastenweizenbrot 750g","Harry","2132780000005","2.19","750g (1 kg = 2,92 €)","Brot, Cerealien & Aufstriche","False","https://img.rewe-static.de/2960346/6783340_digital-image.png"
"LDI Pain au Chocolat","NA","2182750000009","1.29","1 Stück","Brot, Cerealien & Aufstriche","False","https://img.rewe-static.de/8841547/36864911_digital-image.png"
"Langnese Flotte Biene Linden- mit Blütenhonig 250g","Langnese Honig","4023300901507","2.99","250g (1 kg = 11,96 €)","Brot, Cerealien & Aufstriche","False","https://img.rewe-static.de/1496149/23520895_digital-image.png"
"Langnese Flotte Biene Wald- mit Blütenhonig 250g","Langnese Honig","4023300910400","3.99","250g (1 kg = 15,96 €)","Brot, Cerealien & Aufstriche","False","https://img.rewe-static.de/5081947/7477560_digital-image.png"
"7 Days Double Mini-Croissant Kakao-Vanille 185g","7 Days","7622202214769","2.79","185g (1 kg = 15,08 €)","Brot, Cerealien & Aufstriche","False","https://img.rewe-static.de/2342534/23480774_digital-image.png"
"Biozentrale Bio Hofliebe Haferflocken Kleinblatt 400g","biozentrale","4005009108159","1.99","400g (1 kg = 4,98 €)","Brot, Cerealien & Aufstriche","False","https://img.rewe-static.de/2665233/26497430_digital-image.png"
"Börekstick Käse-Feta","NA","5206564000035","0.99","1 Stück","Brot, Cerealien & Aufstriche","False","https://img.rewe-static.de/9100117/44714640_digital-image.png"
"Laugen Kaiserbrötchen","NA","4071800060903","0.39","1 Stück","Brot, Cerealien & Aufstriche","False","https://img.rewe-static.de/9889762/48284006_digital-image.png"
"Milky Way Croissants 192g","Milky Way","4101540710605","2.99","192g (1 kg = 15,57 €)","Brot, Cerealien & Aufstriche","False","https://img.rewe-static.de/9154980/42719317_digital-image.png"
"Muffin Choco Overkill 1 Stück","NA","2766120000006","1.89","1 Stück","Brot, Cerealien & Aufstriche","False","https://img.rewe-static.de/2880562/27700708_digital-image.png"
"Schwartau Gelee nach Hausfrauenart Himbeere 200g","Schwartau","40118055","2.49","200g (1 kg = 12,45 €)","Brot, Cerealien & Aufstriche","False","https://img.rewe-static.de/7083780/27047966_digital-image.png"
"St. Dalfour Fruchtaufstrich Ingwer & Orange 284g","St. Dalfour","3492390001038","3.69","284g (1 kg = 12,99 €)","Brot, Cerealien & Aufstriche","False","https://img.rewe-static.de/2702428/2426210_digital-image.png"
"Tartex Bio Feinkostsalat wie Hering vegan 165g","Tartex","4005514612905","3.49","165g (1 kg = 21,15 €)","Brot, Cerealien & Aufstriche","False","https://img.rewe-static.de/8974595/42725842_digital-image.png"
"Zentis Frühstückskonfitüre Erdbeere Extra 340g","Zentis","4002575643688","2.49","340g (1 kg = 7,32 €)","Brot, Cerealien & Aufstriche","False","https://img.rewe-static.de/7677276/47861114_digital-image.png"
"Bakerman Pizza Margharita Premium","NA","4049411000441","1.19","1 Stück","Brot, Cerealien & Aufstriche","False","https://img.rewe-static.de/7892724/33863947_digital-image.png"
"Bienenwirtschaft Meissen Bienen Gold Blütenhonig 250h","Bienenwirtschaft Meissen","4028712301303","2.99","250g (1 kg = 11,96 €)","Brot, Cerealien & Aufstriche","False","https://img.rewe-static.de/7182583/27426824_digital-image.png"
"Mövenpick Haselnuss Créme Nuss-Nougat 300g","Mövenpick","4011800102920","4.49","300g (1 kg = 14,97 €)","Brot, Cerealien & Aufstriche","False","https://img.rewe-static.de/8386800/30107143_digital-image.png"
"Nabio Bio süßer Aufstrich Zimtschnecke 175g","Nabio","4013182020915","2.99","175g","Brot, Cerealien & Aufstriche","False","https://img.rewe-static.de/9046206/47278124_digital-image.png"
"Schwartau Extra Brombeere Konfitüre 340g","Schwartau","4011800840419","2.99","340g (1 kg = 8,79 €)","Brot, Cerealien & Aufstriche","False","https://img.rewe-static.de/8231519/29412149_digital-image.png"
"Schwartau Gelee nach Hausfrauenart Brombeere 200g","Schwartau","40118017","2.89","200g (1 kg = 14,45 €)","Brot, Cerealien & Aufstriche","False","https://img.rewe-static.de/7148563/27043712_digital-image.png"
"Schwartau Samt Schwarze Früchte Fruchtaufstrich ohne Stücke & ohne Kerne 270g","Schwartau","4011800176914","2.89","270g (1 kg = 10,70 €)","Brot, Cerealien & Aufstriche","False","https://img.rewe-static.de/8085768/29411958_digital-image.png"
"Bahlsen Zitronenkuchen mit Mohn 350g","Bahlsen","4017100442018","2.99","350g (1 kg = 8,54 €)","Brot, Cerealien & Aufstriche","False","https://img.rewe-static.de/8881495/41676569_digital-image.png"
"Biozentrale Bio Haferflocken großblatt 400g","biozentrale","4005009108166","1.99","400g (1 kg = 4,98 €)","Brot, Cerealien & Aufstriche","False","https://img.rewe-static.de/2700570/28857086_digital-image.png"
"Brandt Minis Kakao Shot 85g","Brandt","4013752082046","1.99","85g (1 kg = 23,41 €)","Brot, Cerealien & Aufstriche","False","https://img.rewe-static.de/9958184/47473547_digital-image.png"
"Dr. Oetker Vitalis Knusper Plus Multifrucht 450g","Dr. Oetker","4000521004606","3.99","450g (1 kg = 8,87 €)","Brot, Cerealien & Aufstriche","False","https://img.rewe-static.de/0687352/21292972_digital-image.png"
"Freiberger Pizzasnack Döner Style","Freiberger","2170420000008","1.39","1 Stück","Brot, Cerealien & Aufstriche","False","https://img.rewe-static.de/8715909/36042262_digital-image.png"
"Glück Fruchtaufstrich Holunder 230g","Glück","4054600954214","3.29","230g (1 kg = 14,30 €)","Brot, Cerealien & Aufstriche","False","https://img.rewe-static.de/8400721/43400198_digital-image.png"
"Glück Fruchtaufstrich passiert aus Schwarzkirschen 230g","Glück","4054600880216","3.29","230g (1 kg = 14,30 €)","Brot, Cerealien & Aufstriche","False","https://img.rewe-static.de/7193155/30247349_digital-image.png"
"Hot Dog Curry","NA","2769770000006","1.39","1 Stück","Brot, Cerealien & Aufstriche","False","https://img.rewe-static.de/8131526/28775744_digital-image.png"
"Käsetörtchen","NA","22534415","1.49","1 Stück","Brot, Cerealien & Aufstriche","False","https://img.rewe-static.de/0990723/23631022_digital-image.png"
"Langnese Flotte Biene Fairtrade Blütenhonig aus Lateinamerika 250g","Langnese Honig","4023300920805","3.49","250g (1 kg = 13,96 €)","Brot, Cerealien & Aufstriche","False","https://img.rewe-static.de/7063926/27176982_digital-image.png"
"Laugenzöpfe 1 Stk.","NA","2145590000004","0.49","1 Stück","Brot, Cerealien & Aufstriche","False","https://img.rewe-static.de/0180867/25588442_digital-image.png"
"Nabio Bio Aufstrich wie Thunfischcreme vegan 135g","Nabio","4013182024685","2.59","135g","Brot, Cerealien & Aufstriche","False","https://img.rewe-static.de/9964253/46913740_digital-image.png"
"REWE Beste Wahl Kirsch Streuselkuchen 145g","REWE Beste Wahl","4337256772563","1.99","145g (1 kg = 13,72 €)","Brot, Cerealien & Aufstriche","False","https://img.rewe-static.de/7610446/43309544_digital-image.png"
"Rigoni di Asiago Bio Fiordifrutta Albicocche 250g","Rigoni di Asiago","8001505007015","4.29","250g (1 kg = 17,16 €)","Brot, Cerealien & Aufstriche","False","https://img.rewe-static.de/0553512/21331434_digital-image.png"
"Zentis 50% weniger Zucker Waldfrucht passiert 195g","Zentis","42400752","2.89","195g (1 kg = 14,82 €)","Brot, Cerealien & Aufstriche","False","https://img.rewe-static.de/8388388/30514203_digital-image.png"
"Zuegg Fruchtaufstrich Birne 320g","Zuegg","80298311","2.89","320g (1 kg = 9,03 €)","Brot, Cerealien & Aufstriche","False","https://img.rewe-static.de/1370214/19997260_digital-image.png"
"Burger Das Landknäcke mit Milch 250g","Burger","4012970011722","1.69","250g (1 kg = 6,76 €)","Brot, Cerealien & Aufstriche","False","https://img.rewe-static.de/6260918/9610390_digital-image.png"
"Chivers Bio Zitronenmarmelade 265g","Chivers","5098732005566","3.99","265g (1 kg = 15,06 €)","Brot, Cerealien & Aufstriche","False","https://img.rewe-static.de/8223469/41523967_digital-image.png"
"Dreyer Goldbiene 125g","Dreyer","4009265042400","1.79","125g (1 kg = 14,32 €)","Brot, Cerealien & Aufstriche","False","https://img.rewe-static.de/0024034/11034310_digital-image.png"
"Entrup Currywurst Snack Deluxe","Entrup","2298040000007","1.69","1 Stück","Brot, Cerealien & Aufstriche","False","https://img.rewe-static.de/8593030/35465532_digital-image.png"
"Glück Fruchtaufstrich Heidelbeere 230g","Glück","4054600953811","3.29","230g (1 kg = 14,30 €)","Brot, Cerealien & Aufstriche","False","https://img.rewe-static.de/8021405/43398835_digital-image.png"
"Johannisbeere-Puddingtörtchen","NA","2116890000001","1.59","1 Stück","Brot, Cerealien & Aufstriche","True","https://img.rewe-static.de/9936312/46744998_digital-image.png"
"Nudossi Nuss-Nougat-Creme 400g","Nudossi","4018087001533","3.29","400g (1 kg = 8,23 €)","Brot, Cerealien & Aufstriche","False","https://img.rewe-static.de/5590736/12247720_digital-image.png"
"REWE Beste Wahl Apfel Streuselkuchen 145g","REWE Beste Wahl","4337256774147","1.99","145g (1 kg = 13,72 €)","Brot, Cerealien & Aufstriche","False","https://img.rewe-static.de/9040664/43303185_digital-image.png"
"Raw Bite Bio Riegel Peanut 50g","Rawbite","5712840020050","1.99","50g (1 kg = 39,80 €)","Brot, Cerealien & Aufstriche","False","https://img.rewe-static.de/2603069/41523854_digital-image.png"
"Rawbite Bio The Organic Fruit & Nut Bite Coconut 50g","Rawbite","5712840020036","1.99","50g (1 kg = 39,80 €)","Brot, Cerealien & Aufstriche","False","https://img.rewe-static.de/1941004/25071604_digital-image.png"
"Rettergut Bio-Aufstrich Rote Beete & Meerrettich 135g","Rettergut","4260655550190","2.59","135g (1 kg = 19,19 €)","Brot, Cerealien & Aufstriche","False","https://img.rewe-static.de/8413168/31505087_digital-image.png"
"Rettergut Bio-Aufstrich Tomaten & Kräuter vegan 135g","Rettergut","4260655550220","2.59","135g (1 kg = 19,19 €)","Brot, Cerealien & Aufstriche","False","https://img.rewe-static.de/8010524/35802770_digital-image.png"
"Seitenbacher Düsis Dinkel-Knabber-Spezialität 250g","Seitenbacher","4008391212343","2.59","250g (1 kg = 10,36 €)","Brot, Cerealien & Aufstriche","False","https://img.rewe-static.de/0515400/24047083_digital-image.png"
"Berliner Typ Schoko 90g","NA","4020691059749","1.29","1 Stück","Brot, Cerealien & Aufstriche","False","https://img.rewe-static.de/9999425/44408731_digital-image.png"
"Berliner mit Nougatcreme 75g","NA","4017209048067","0.69","1 Stück","Brot, Cerealien & Aufstriche","False","https://img.rewe-static.de/9982454/46740575_digital-image.png"
"Bonne Maman Rhabarber-Konfitüre 370g","Bonne Maman","3045320098044","3.29","370g (1 kg = 8,89 €)","Brot, Cerealien & Aufstriche","False","https://img.rewe-static.de/6242715/22685301_digital-image.png"
"Breitsamer Honig Akazie 500g","Breitsamer","40287508","8.99","500g (1 kg = 17,98 €)","Brot, Cerealien & Aufstriche","False","https://img.rewe-static.de/5067324/3086200_digital-image.png"
"Dreyer Exquisit-Heidehonig 500g","Dreyer","4009265000103","10.99","500g (1 kg = 21,98 €)","Brot, Cerealien & Aufstriche","False","https://img.rewe-static.de/5728657/7475920_digital-image.png"
"Dreyer Goldbiene 500g","Dreyer","4009265002404","4.99","500g (1 kg = 9,98 €)","Brot, Cerealien & Aufstriche","False","https://img.rewe-static.de/4935608/2530160_digital-image.png"
"Entrup Amerikaner","Entrup","4020691029117","1.39","1 Stück","Brot, Cerealien & Aufstriche","False","https://img.rewe-static.de/9913170/47032395_digital-image.png"
"Harry Vollkorn Igel 600g","Harry","2135630000002","2.19","600g (1 kg = 3,65 €)","Brot, Cerealien & Aufstriche","False","https://img.rewe-static.de/0554654/1739530_digital-image.png"
"Mövenpick Mini Brownies 140g","Mövenpick","4101540725531","2.49","140g","Brot, Cerealien & Aufstriche","False","https://img.rewe-static.de/8160594/47786035_digital-image.png"
"Rettergut Bio-Aufstrich Paprika Pikant 135g","Rettergut","4260655550206","2.59","135g (1 kg = 19,19 €)","Brot, Cerealien & Aufstriche","False","https://img.rewe-static.de/8415899/31505088_digital-image.png"
"Rigoni di Asiago Bio Fiordifrutta Bitterorange 260g","Rigoni di Asiago","8001505007039","4.29","260g (1 kg = 16,50 €)","Brot, Cerealien & Aufstriche","False","https://img.rewe-static.de/0527286/11367230_digital-image.png"
"Schwartau Spezialitäten Wild Preiselbeeren 330g","Schwartau","4011800189426","3.59","330g (1 kg = 10,88 €)","Brot, Cerealien & Aufstriche","False","https://img.rewe-static.de/8443973/31408873_digital-image.png"
"Seitenbacher Müsli Carbs 19.0 Erdbeere 500g","Seitenbacher","4008391003675","6.29","500g (1 kg = 12,58 €)","Brot, Cerealien & Aufstriche","False","https://img.rewe-static.de/3067689/26593022_digital-image.png"
"Snackline Laugenstangen Salz 150g","Snackline","9002859111198","2.19","150g (1 kg = 14,60 €)","Brot, Cerealien & Aufstriche","False","https://img.rewe-static.de/3685698/32469314_digital-image.png"
"Vantastic foods Bio Riegel Almond vegan 40g","Vantastic Foods","4260661092189","1.79","40g (1 kg = 44,75 €)","Brot, Cerealien & Aufstriche","False","https://img.rewe-static.de/3231248/28596754_digital-image.png"
"Veggy Friends Bio Vegane Teewurst 120ml","Veggy Friends","4260177113989","2.79","120ml (1 l = 23,25 €)","Brot, Cerealien & Aufstriche","False","https://img.rewe-static.de/2773174/27445997_digital-image.png"
"Vollkorn Igel geschnitten 1000g","NA","2204840000000","3.65","1 Stück ca. 1000 g (1 kg = 3,65 €)","Brot, Cerealien & Aufstriche","False","https://img.rewe-static.de/0881436/22154846_digital-image.png"
"Biozentrale Bio Brotaufstrich Mango-Chili 125g","biozentrale","4005009101341","2.49","125g (1 kg = 19,92 €)","Brot, Cerealien & Aufstriche","False","https://img.rewe-static.de/1455323/23477420_digital-image.png"
"Corny Milch Einzelriegel 40g","CORNY","4011800564445","0.75","40g (1 kg = 18,75 €)","Brot, Cerealien & Aufstriche","False","https://img.rewe-static.de/2107475/28584177_digital-image.png"
"D'arbo Naturrein Erlesene Himbeere 200g","D'arbo","9001432048364","2.99","200g (1 kg = 14,95 €)","Brot, Cerealien & Aufstriche","False","https://img.rewe-static.de/8454481/32503528_digital-image.png"
"Dreyer Akazienhonig 125g","Dreyer","4009265041403","2.49","125g (1 kg = 19,92 €)","Brot, Cerealien & Aufstriche","False","https://img.rewe-static.de/0024039/7472890_digital-image.png"
"Harry Focacciotto Rosmarin","Harry","2195360000000","1.39","1 Stück","Brot, Cerealien & Aufstriche","False","https://img.rewe-static.de/8598808/33108851_digital-image.png"
"Hiestand & Suhr Milk Chocolate Cookie","Hiestand & Suhr","2166830000004","1.29","1 Stück","Brot, Cerealien & Aufstriche","False","https://img.rewe-static.de/0885103/36495874_digital-image.png"
"Marziale Mini Sacher Törtchen 4x25g","Marziale Coolinaria GmbH","4058898202170","4.29","4x100g (1 kg = 42,90 €)","Brot, Cerealien & Aufstriche","False","https://img.rewe-static.de/3558359/32863890_digital-image.png"
"Poensgen Laugenstangen glutenfrei 2x75g","Poensgen","4250208801961","2.49","2x75g (1 kg = 16,60 €)","Brot, Cerealien & Aufstriche","False","https://img.rewe-static.de/3649222/33983627_digital-image.png"
"Veggy Friends Veganer Bio Linsen-Aufstrich Cabanossi Art vegan 140g","Veggy Friends","4260177115365","2.79","140g","Brot, Cerealien & Aufstriche","False","https://img.rewe-static.de/7679123/43760388_digital-image.png"
"Zentis Frühstücks Konfitüre Erdbeere fein passiert 340g","Zentis","4002575643701","2.49","340g (1 kg = 7,32 €)","Brot, Cerealien & Aufstriche","False","https://img.rewe-static.de/9025540/40521232_digital-image.png"
"bioZENTRALE Bio Knusperbrot Buchweizen Quinoa 100g","biozentrale","4005009102836","1.99","100g","Brot, Cerealien & Aufstriche","False","https://img.rewe-static.de/8726267/44019405_digital-image.png"
"biozentrale Bio Zwiebelschmelz vegan 150g","biozentrale","4005009100887","2.99","150g (1 kg = 19,93 €)","Brot, Cerealien & Aufstriche","False","https://img.rewe-static.de/0908724/39641262_digital-image.png"
"Aryzta Börekschnecke mit Hackfleisch","NA","2105260000000","1.39","1 Stück","Brot, Cerealien & Aufstriche","False","https://img.rewe-static.de/7823272/35518324_digital-image.png"
"Dreyer Lindenhonig 500g","Dreyer","4009265001506","5.49","500g (1 kg = 10,98 €)","Brot, Cerealien & Aufstriche","False","https://img.rewe-static.de/4935543/27831399_digital-image.png"
"Grashoff Chocolat Creme mit dunkler Schokolade 250g","Grashoff","4006375008173","4.49","250g","Brot, Cerealien & Aufstriche","False","https://img.rewe-static.de/0824198/44096788_digital-image.png"
"Grashoff Milch-Chocolat Creme mit Haselnüssen 235g","Grashoff","4006375008234","4.49","235g","Brot, Cerealien & Aufstriche","False","https://img.rewe-static.de/0824201/43892312_digital-image.png"
"Harry Focacciotto Napoli","Harry","4071800059013","1.99","1 Stück","Brot, Cerealien & Aufstriche","False","https://img.rewe-static.de/9041157/42730727_digital-image.png"
"Marziale Blätterteig-Röllchen 200g","NA","4058898202248","5.19","200g (1 kg = 25,95 €)","Brot, Cerealien & Aufstriche","False","https://img.rewe-static.de/8526239/33918355_digital-image.png"
"Marziale Spritzgebäck Petite Fleur 200g","Marziale Coolinaria GmbH","4058898202323","4.49","200g (1 kg = 22,45 €)","Brot, Cerealien & Aufstriche","False","https://img.rewe-static.de/8848329/40657970_digital-image.png"
"Nutella Mini 25g","Nutella","80809180","0.99","25g (1 kg = 39,60 €)","Brot, Cerealien & Aufstriche","False","https://img.rewe-static.de/7103741/27188188_digital-image.png"
"Poensgen Bagels mit Sesam glutenfrei 150g","NA","4250208801954","2.29","150g (1 kg = 15,27 €)","Brot, Cerealien & Aufstriche","False","https://img.rewe-static.de/7272767/33983622_digital-image.png"
"Poensgen Mais-Knäckebrot glutenfrei 75g","Poensgen","4250208803101","1.19","75g","Brot, Cerealien & Aufstriche","False","https://img.rewe-static.de/3300882/46047771_digital-image.png"
"Rolnik Rote Bete mit Meerrettich 370ml","Rolnik","5900919000489","1.79","370ml","Brot, Cerealien & Aufstriche","False","https://img.rewe-static.de/1223385/43760392_digital-image.png"
"Ruf Porridge Apfel Zimt 400g","Ruf","4002809018824","3.99","400g","Brot, Cerealien & Aufstriche","False","https://img.rewe-static.de/8911594/44240709_digital-image.png"
"Schwartau Samt Pfirsich Fruchtaufstrich ohne Stücke & ohne Kerne 270g","Schwartau","4011800178819","2.69","270g (1 kg = 9,96 €)","Brot, Cerealien & Aufstriche","False","https://img.rewe-static.de/8640893/43929286_digital-image.png"
"Veggy Friends Veganer Bio Linsen-Aufstrich Currywurst Art vegan 140g","Veggy Friends","4260177115389","2.79","140g","Brot, Cerealien & Aufstriche","False","https://img.rewe-static.de/8941204/44016928_digital-image.png"
"YES Törtchen Lebkuchen Style 3x32g","YES","8445290574190","1.69","3x32g (1 kg = 17,60 €)","Brot, Cerealien & Aufstriche","False","https://img.rewe-static.de/8924092/39162177_digital-image.png"
"biozentrale Bio Aufstrich Kürbis Ingwer 125g","biozentrale","4005009102263","2.99","125g","Brot, Cerealien & Aufstriche","False","https://img.rewe-static.de/7745169/46048271_digital-image.png"
"biozentrale Bio Vegane Streichwurst fein mit Röstzwiebeln 120g","biozentrale","4005009102102","2.99","120g","Brot, Cerealien & Aufstriche","False","https://img.rewe-static.de/8748643/45248228_digital-image.png"
"ja! American Sandwich 750g","ja!","4337256178457","1.29","750g (1 kg = 1,72 €)","Brot, Cerealien & Aufstriche","False","https://img.rewe-static.de/5351065/33058923_digital-image.png"
"ja! Vollkorntoastbrot 500g","ja!","4337256184953","0.99","500g (1 kg = 1,98 €)","Brot, Cerealien & Aufstriche","False","https://img.rewe-static.de/8357472/30349591_digital-image.png"
"ja! Hot Dog Rolls 250g","ja!","4337256770040","0.99","250g (1 kg = 3,96 €)","Brot, Cerealien & Aufstriche","False","https://img.rewe-static.de/7914493/33549436_digital-image.png"
"ja! Zarte Haferflocken 500g","ja!","4337256415965","0.69","500g (1 kg = 1,38 €)","Brot, Cerealien & Aufstriche","False","https://img.rewe-static.de/6343171/6209270_digital-image.png"
"ja! Baguettebrötchen 300g, 6 Stück","ja!","4337256187732","0.69","300g (1 kg = 2,30 €)","Brot, Cerealien & Aufstriche","False","https://img.rewe-static.de/5353157/23896258_digital-image.png"
"ja! Müsli-Riegel Schokolade-Banane 8x25g","ja!","4337256219501","1.49","8x25g (1 kg = 7,45 €)","Brot, Cerealien & Aufstriche","False","https://img.rewe-static.de/7224856/27997912_digital-image.png"
"ja! Rührteig-Tortenboden 300g","ja!","4337256754224","1.59","300g (1 kg = 5,30 €)","Brot, Cerealien & Aufstriche","False","https://img.rewe-static.de/7621888/42584816_digital-image.png"
"ja! Mehrkornbrötchen 8 Stück 560g","ja!","4337256439923","1.29","560g (1 kg = 2,30 €)","Brot, Cerealien & Aufstriche","False","https://img.rewe-static.de/7914158/33057923_digital-image.png"
"ja! Frischeiwaffeln 250g","ja!","4337256345026","1.39","250g (1 kg = 5,56 €)","Brot, Cerealien & Aufstriche","False","https://img.rewe-static.de/8656774/34995027_digital-image.png"
"ja! Blütenhonig zart-fließend 500g","ja!","4337256372138","2.99","500g (1 kg = 5,98 €)","Brot, Cerealien & Aufstriche","False","https://img.rewe-static.de/7845005/35072447_digital-image.png"
"ja! Hamburger Brötchen 6 Stück 300g","ja!","4337256228336","0.99","300g (1 kg = 3,30 €)","Brot, Cerealien & Aufstriche","False","https://img.rewe-static.de/8568267/33563195_digital-image.png"
"ja! Mini Gugelhupf Zitrone 250g","ja!","4337256301879","1.59","250g (1 kg = 6,36 €)","Brot, Cerealien & Aufstriche","False","https://img.rewe-static.de/8627675/33755679_digital-image.png"
"ja! Blütenhonig cremig streichzart 500g","ja!","4337256359405","2.79","500g (1 kg = 5,58 €)","Brot, Cerealien & Aufstriche","False","https://img.rewe-static.de/7845762/35072443_digital-image.png"
"ja! Hummus pikant vegan 200g","ja!","42016311","0.99","200g (1 kg = 4,95 €)","Brot, Cerealien & Aufstriche","False","https://img.rewe-static.de/7728461/38493616_digital-image.png"
"ja! Knäckebrot Sesam 250g","ja!","4337256742719","1.39","250g (1 kg = 5,56 €)","Brot, Cerealien & Aufstriche","False","https://img.rewe-static.de/9015171/42814911_digital-image.png"
"ja! Feiner Brotaufstrich Eiersalat 150g","ja!","4337256424479","1.29","150g (1 kg = 8,60 €)","Brot, Cerealien & Aufstriche","False","https://img.rewe-static.de/2166155/23586592_digital-image.png"
"ja! Lütticher Zuckerwaffeln 550g","ja!","4337256299954","2.49","550g (1 kg = 4,53 €)","Brot, Cerealien & Aufstriche","False","https://img.rewe-static.de/7879057/33755685_digital-image.png"
"ja! Sonntags Brötchen 8 Stück","ja!","4337256424912","1.29","560g (1 kg = 2,30 €)","Brot, Cerealien & Aufstriche","False","https://img.rewe-static.de/8741482/35884544_digital-image.png"
"ja! Bauernbrot Schnitten 500g","ja!","4337256174084","0.99","500g (1 kg = 1,98 €)","Brot, Cerealien & Aufstriche","False","https://img.rewe-static.de/5350522/2440780_digital-image.png"
"ja! Fruchtaufstrich Heidelbeere 450g","ja!","4337256561679","1.49","450g (1 kg = 3,31 €)","Brot, Cerealien & Aufstriche","False","https://img.rewe-static.de/7717168/38732096_digital-image.png"
"ja! Nougat-Bits 750g","ja!","4337256436649","2.79","750g (1 kg = 3,72 €)","Brot, Cerealien & Aufstriche","False","https://img.rewe-static.de/0891928/43664421_digital-image.png"
"ja! Bagels mit Sesam 340g","ja!","4337256212670","1.89","340g (1 kg = 5,56 €)","Brot, Cerealien & Aufstriche","False","https://img.rewe-static.de/8556568/33246712_digital-image.png"
"ja! Fruchtaufstrich Himbeere 450g","ja!","4337256568432","1.49","450g (1 kg = 3,31 €)","Brot, Cerealien & Aufstriche","False","https://img.rewe-static.de/8881555/38732286_digital-image.png"
"ja! Fruchtaufstrich Aprikose 450g","ja!","4337256567046","1.49","450g (1 kg = 3,31 €)","Brot, Cerealien & Aufstriche","False","https://img.rewe-static.de/8881166/38731821_digital-image.png"
"ja! Fruchtschnitten Waldfrucht 150g","ja!","4337256423861","1.49","150g (1 kg = 9,93 €)","Brot, Cerealien & Aufstriche","False","https://img.rewe-static.de/8025570/30524315_digital-image.png"
"ja! Mini-Zimtos 750g","ja!","4337256788083","2.79","750g (1 kg = 3,72 €)","Brot, Cerealien & Aufstriche","False","https://img.rewe-static.de/0891930/27400028_digital-image.png"
"ja! Müsli-Riegel Schokolade 8x25g","ja!","4337256486293","1.49","8x25g (1 kg = 7,45 €)","Brot, Cerealien & Aufstriche","False","https://img.rewe-static.de/7228581/27997909_digital-image.png"
"ja! Fruchtaufstrich Sauerkirsche 450g","ja!","4337256549585","1.49","450g (1 kg = 3,31 €)","Brot, Cerealien & Aufstriche","False","https://img.rewe-static.de/8880259/38732723_digital-image.png"
"ja! Cerealien Creamy Bits 500g","ja!","4337256486057","2.79","500g (1 kg = 5,58 €)","Brot, Cerealien & Aufstriche","False","https://img.rewe-static.de/8787703/36469192_digital-image.png"
"ja! Fruchtaufstrich 75% Aprikose 250g","ja!","4337256630832","1.29","250g","Brot, Cerealien & Aufstriche","False","https://img.rewe-static.de/8921463/39590783_digital-image.png"
"ja! Kernige Haferflocken 500g","ja!","4337256412872","0.69","500g (1 kg = 1,38 €)","Brot, Cerealien & Aufstriche","False","https://img.rewe-static.de/1913987/21126263_digital-image.png"
"ja! Pflaumenmus fein gewürzt 450g","ja!","4337256708982","1.29","450g (1 kg = 2,87 €)","Brot, Cerealien & Aufstriche","False","https://img.rewe-static.de/7396155/24726670_digital-image.png"
"ja! Snow Flakes 750g","ja!","4337256727037","2.79","750g (1 kg = 3,72 €)","Brot, Cerealien & Aufstriche","False","https://img.rewe-static.de/7774209/36434217_digital-image.png"
"ja! Muffins Schoko & Stracciatella 360g","ja!","4337256356343","1.99","360g (1 kg = 5,53 €)","Brot, Cerealien & Aufstriche","False","https://img.rewe-static.de/8667375/34912190_digital-image.png"
"ja! Mini-Gugelhupf Marmor 250g","ja!","4337256300605","1.59","250g (1 kg = 6,36 €)","Brot, Cerealien & Aufstriche","False","https://img.rewe-static.de/7878691/33755682_digital-image.png"
"ja! Nut Flakes 750g","ja!","4337256484527","2.79","750g (1 kg = 3,72 €)","Brot, Cerealien & Aufstriche","False","https://img.rewe-static.de/7776207/36434209_digital-image.png"
"ja! Butter-Toastbrot 500g","ja!","4337256182324","0.99","500g (1 kg = 1,98 €)","Brot, Cerealien & Aufstriche","False","https://img.rewe-static.de/5349664/3365040_digital-image.png"
"ja! Honey Wheats 750g","ja!","4337256794633","2.79","750g (1 kg = 3,72 €)","Brot, Cerealien & Aufstriche","False","https://img.rewe-static.de/0891929/27400001_digital-image.png"
"ja! Hummus natur vegan 200g","ja!","4337256831642","0.99","200g (1 kg = 4,95 €)","Brot, Cerealien & Aufstriche","False","https://img.rewe-static.de/8859653/38493575_digital-image.png"
"ja! Müsli-Riegel Schoko ohne Zuckerzusatz 8x25g","ja!","4337256473729","1.49","8x25g (1 kg = 7,45 €)","Brot, Cerealien & Aufstriche","False","https://img.rewe-static.de/7227354/27968163_digital-image.png"
"ja! Sour Cream cremig mild 200g","ja!","4337256289467","0.69","200g (1 kg = 3,45 €)","Brot, Cerealien & Aufstriche","False","https://img.rewe-static.de/8617573/33721574_digital-image.png"
"ja! Cerealien Leo Crisps 750g","ja!","4337256486163","2.79","750g (1 kg = 3,72 €)","Brot, Cerealien & Aufstriche","False","https://img.rewe-static.de/8854600/36434191_digital-image.png"
"ja! Fruchtaufstrich Erdbeere 250g","ja!","4337256631372","1.29","250g (1 kg = 5,16 €)","Brot, Cerealien & Aufstriche","False","https://img.rewe-static.de/9004390/39590942_digital-image.png"
"ja! Nuss-Nougat-Creme 400g","ja!","4337256609326","1.99","400g (1 kg = 4,98 €)","Brot, Cerealien & Aufstriche","False","https://img.rewe-static.de/0166440/26279339_digital-image.png"
"ja! Toastbrot Weizenvollkornsandwich 750g","ja!","4337256202817","1.29","750g (1 kg = 1,72 €)","Brot, Cerealien & Aufstriche","False","https://img.rewe-static.de/8577910/33895018_digital-image.png"
"ja! Früchte-Müsli 1kg","ja!","4337256104883","2.39","1000g","Brot, Cerealien & Aufstriche","False","https://img.rewe-static.de/0476189/3074750_digital-image.png"
"ja! Westfälischer Pumpernickel 500g","ja!","4337256213363","0.99","500g (1 kg = 1,98 €)","Brot, Cerealien & Aufstriche","False","https://img.rewe-static.de/8560963/33225284_digital-image.png"
"ja! Mehrkorn Toastbrötchen 335g","ja!","4337256546737","0.99","335g (1 kg = 2,96 €)","Brot, Cerealien & Aufstriche","False","https://img.rewe-static.de/8861007/37700726_digital-image.png"
"ja! Nougat Hörnchen 240g","ja!","4337256104852","1.49","240g (1 kg = 6,21 €)","Brot, Cerealien & Aufstriche","False","https://img.rewe-static.de/7959110/31916960_digital-image.png"
"ja! Cerealien White Wheaties 600g","ja!","4337256479639","2.79","600g (1 kg = 4,65 €)","Brot, Cerealien & Aufstriche","False","https://img.rewe-static.de/8789204/36469275_digital-image.png"
"ja! Choco Chips 750g","ja!","4337256782531","2.79","750g (1 kg = 3,72 €)","Brot, Cerealien & Aufstriche","False","https://img.rewe-static.de/0891922/5881530_digital-image.png"
"ja! Fruchtaufstrich Erdbeere 450g","ja!","4337256559362","1.29","450g (1 kg = 2,87 €)","Brot, Cerealien & Aufstriche","False","https://img.rewe-static.de/8880363/38732013_digital-image.png"
"ja! Roggenvollkornbrot 500g","ja!","4337256177511","1.19","500g (1 kg = 2,38 €)","Brot, Cerealien & Aufstriche","False","https://img.rewe-static.de/5350450/24449818_digital-image.png"
"ja! Schwarze-Johannisbeer-Konfitüre extra 450g","ja!","4337256205221","1.49","450g (1 kg = 3,31 €)","Brot, Cerealien & Aufstriche","False","https://img.rewe-static.de/2167717/24717217_digital-image.png"
"ja! Knusper Müsli weniger süss 600g","ja!","4337256371520","2.49","600g (1 kg = 4,15 €)","Brot, Cerealien & Aufstriche","False","https://img.rewe-static.de/8395317/30612909_digital-image.png"
"ja! Roggen Knäckebrot 250g","ja!","4337256730778","1.39","250g (1 kg = 5,56 €)","Brot, Cerealien & Aufstriche","False","https://img.rewe-static.de/9106770/42748487_digital-image.png"
"ja! Steinofen Baguette 250g","ja!","4337256237659","1.29","250g (1 kg = 5,16 €)","Brot, Cerealien & Aufstriche","False","https://img.rewe-static.de/7916381/33058167_digital-image.png"
"ja! Fruchtschnitten Cranberry-Kirsch 150g","ja!","4337256427951","1.49","150g (1 kg = 9,93 €)","Brot, Cerealien & Aufstriche","False","https://img.rewe-static.de/8037873/30524306_digital-image.png"
"ja! Weizen Baguette 300g","ja!","4337256243193","0.69","300g (1 kg = 2,30 €)","Brot, Cerealien & Aufstriche","False","https://img.rewe-static.de/8623170/33782778_digital-image.png"
"ja! Weizentoastbrötchen 335g","ja!","4337256544351","0.99","335g (1 kg = 2,96 €)","Brot, Cerealien & Aufstriche","False","https://img.rewe-static.de/8937620/37700866_digital-image.png"
"ja! Brunchmix Weizenbrötchen zum Fertigbacken 540g 6 Stück","ja!","4337256882095","1.59","540g","Brot, Cerealien & Aufstriche","False","https://img.rewe-static.de/9970505/47337208_digital-image.png"
"ja! Zaziki 500g","ja!","4337256415958","1.79","500g (1 kg = 3,58 €)","Brot, Cerealien & Aufstriche","False","https://img.rewe-static.de/2815942/25280353_digital-image.png"
"ja! Zaziki 200g","ja!","4337256288927","0.69","200g (1 kg = 3,45 €)","Brot, Cerealien & Aufstriche","False","https://img.rewe-static.de/8618614/33721577_digital-image.png"
"ja! Schoko Müsli 750g","ja!","4337256720618","2.49","750g (1 kg = 3,32 €)","Brot, Cerealien & Aufstriche","False","https://img.rewe-static.de/3004038/25857362_digital-image.png"
"ja! Caramel Bits ChoViva 500g","ja!","4337256820684","2.79","500g (1 kg = 5,58 €)","Brot, Cerealien & Aufstriche","False","https://img.rewe-static.de/7626098/41918907_digital-image.png"
"Newgene Covid-19 Antigen Selbsttest 1 Stück","NA","6974108060201","1.65","1 Stück","Drogerie & Kosmetik","False","https://img.rewe-static.de/7828199/35450815_digital-image.png"
"Fa Duschcreme Cream & Oil Cacao 250ml","Fa","4015100428087","1.29","250ml (1 l = 5,16 €)","Drogerie & Kosmetik","False","https://img.rewe-static.de/7925869/37393262_digital-image.png"
"Pantene Pro-V Pflegespülung Color Protect 200ml","Pantene Pro-V","8001090094292","3.45","200ml (1 l = 17,25 €)","Drogerie & Kosmetik","False","https://img.rewe-static.de/3201608/35022264_digital-image.png"
"Garnier Fructis Shampoo Goji Farb Power 250ml","Garnier","3600542142595","1.89","250ml (1 l = 7,56 €)","Drogerie & Kosmetik","True","https://img.rewe-static.de/3193358/29033748_digital-image.png"
"REWE Beste Wahl Limited Edition Toilettenpapier 8x180 Blatt","REWE Beste Wahl","4337256818391","2.99","8x180 Stück","Drogerie & Kosmetik","False","https://img.rewe-static.de/8937482/40315214_digital-image.png"
"Palmolive Flüssigseife Hygiene-Plus Family antibakteriell 300ml","Palmolive","8003520012944","1.69","300ml (1 l = 5,63 €)","Drogerie & Kosmetik","False","https://img.rewe-static.de/3286738/22430220_digital-image.png"
"Tempo feuchte Toilettentücher Calendula & Kamille 42 Tücher","Tempo","7322540957785","1.79","42 Stück","Drogerie & Kosmetik","False","https://img.rewe-static.de/7217995/29391036_digital-image.png"
"Tempo feuchte Toilettentücher sanft & pur 42 Tücher","Tempo","7322540907582","1.79","42 Stück","Drogerie & Kosmetik","False","https://img.rewe-static.de/3285072/29391033_digital-image.png"
"Today dent Zahnbürste Interdental soft 2 Stück","Today","4388844091221","0.65","2 Stück","Drogerie & Kosmetik","False","https://img.rewe-static.de/1989690/22110918_digital-image.png"
"Head & Shoulders Anti-Schuppen Shampoo Sanfte Pflege 300ml","Head & Shoulders","8001090895158","4.45","300ml (1 l = 14,83 €)","Drogerie & Kosmetik","False","https://img.rewe-static.de/2940911/25624351_digital-image.png"
"Today Cremedusche Milch & Kokos 300ml","Today","21698194","0.55","300ml (1 l = 1,83 €)","Drogerie & Kosmetik","False","https://img.rewe-static.de/2537386/25493507_digital-image.png"
"Today Flüssigseife Sensitiv 750ml","Today","22398529","0.85","750ml (1 l = 1,13 €)","Drogerie & Kosmetik","False","https://img.rewe-static.de/7078953/29320423_digital-image.png"
"Odol-med3 Antibakteriell Mundspülung 500ml","Odol-med3","5054563123954","2.79","500ml (1 l = 5,58 €)","Drogerie & Kosmetik","False","https://img.rewe-static.de/8482625/31885922_digital-image.png"
"NIVEA Men Deospray Fresh Active Spray 72h ohne Aluminium 150ml","NIVEA","4006000048765","2.25","150ml (1 l = 15 €)","Drogerie & Kosmetik","False","https://img.rewe-static.de/2605551/28143971_digital-image.png"
"Duschdas 3-in-1 Duschgel & Shampoo Noire 225ml","Duschdas","8720181325380","1.29","225ml (1 l = 5,73 €)","Drogerie & Kosmetik","False","https://img.rewe-static.de/8911414/38937664_digital-image.png"
"Today Dent Mundspülung mintfrisch 500ml","Today","26004907","0.85","500ml (1 l = 1,70 €)","Drogerie & Kosmetik","False","https://img.rewe-static.de/2001558/22110826_digital-image.png"
"Tempo Taschentücher Original Box 4-lagig 100 Tücher","Tempo","7322541403113","2.35","100 Stück","Drogerie & Kosmetik","False","https://img.rewe-static.de/8631188/40945933_digital-image.png"
"Today Cremeseife Mandelmilch 500ml","Today","22393876","0.65","500ml (1 l = 1,30 €)","Drogerie & Kosmetik","False","https://img.rewe-static.de/7133149/27910890_digital-image.png"
"Bebe Pflegende Reinigungstücher mit Kokoswasser 25 Stück","Bebe","3574661671789","1.85","25 Stück","Drogerie & Kosmetik","False","https://img.rewe-static.de/2727519/24954685_digital-image.png"
"Tempo Taschentücher sanft und frei 4-lagig, 10x9 Tücher","Tempo","7322540786927","2.35","NA","Drogerie & Kosmetik","False","https://img.rewe-static.de/0464464/4773660_digital-image.png"
"Garnier Fructis Spülung Coco Water 200ml","Garnier","3600541970977","1.89","200ml (1 l = 9,45 €)","Drogerie & Kosmetik","True","https://img.rewe-static.de/3229763/28299120_digital-image.png"
"Odol-med3 Mundspülung Zahnfleischaktiv 500ml","Odol-med3","5054563123893","2.79","500ml (1 l = 5,58 €)","Drogerie & Kosmetik","False","https://img.rewe-static.de/6431429/22716982_digital-image.png"
"NIVEA Shampoo Reparatur 200ml","NIVEA","4005900910301","2.99","200ml (1 l = 14,95 €)","Drogerie & Kosmetik","False","https://img.rewe-static.de/7155208/29329396_digital-image.png"
"o.b. Tampons ProComfort Mini 64 Stück","o.b.","3574661582481","4.95","64 Stück","Drogerie & Kosmetik","False","https://img.rewe-static.de/7896960/32639554_digital-image.png"
"NIVEA Men Rasierschaum Sensitive 200ml","NIVEA","4005900922212","2.45","200ml (1 l = 12,25 €)","Drogerie & Kosmetik","False","https://img.rewe-static.de/7334656/7445400_digital-image.png"
"Kukident Reinigungstabletten Aktiv Plus 33 Stück","Kukident","4002448038900","2.29","33 Stück","Drogerie & Kosmetik","False","https://img.rewe-static.de/0218958/21441506_digital-image.png"
"Demak Up Wattepads Sensitive 60 Stück","Demak Up","3133200560603","1.79","60 Stück","Drogerie & Kosmetik","False","https://img.rewe-static.de/3778371/7444730_digital-image.png"
"CD Deo Zerstäuber Große Freiheit 75ml","CD","4045612007586","2.89","75ml (1 l = 38,53 €)","Drogerie & Kosmetik","False","https://img.rewe-static.de/2496073/26482028_digital-image.png"
"Today men Aftershave Dark Intense 100ml","Today","21710650","2.35","100ml (1 l = 23,50 €)","Drogerie & Kosmetik","False","https://img.rewe-static.de/7138623/27561987_digital-image.png"
"NIVEA Men Deospray Sensitive Protect Antitranspirant 150ml","NIVEA","4005900843883","2.25","150ml (1 l = 15 €)","Drogerie & Kosmetik","False","https://img.rewe-static.de/2605564/24496500_digital-image.png"
"Schwarzkopf Gliss Spülung Oil Nutritive 200 ml","Gliss","4015100812251","2.99","200ml (1 l = 14,95 €)","Drogerie & Kosmetik","False","https://img.rewe-static.de/7208131/28141285_digital-image.png"
"L'Oréal Men Expert Deospray Heat Protect 150ml","L'Oréal Paris","3600523715435","2.29","150ml (1 l = 15,27 €)","Drogerie & Kosmetik","False","https://img.rewe-static.de/2832669/25475742_digital-image.png"
"Garnier Wahre Schätze Shampoo Argan Camelia 250ml","Garnier","3600542461177","2.49","250ml (1 l = 9,96 €)","Drogerie & Kosmetik","False","https://img.rewe-static.de/2526687/25655083_digital-image.png"
"Parsa Beauty Saphirfeile grau 12,5cm","Parsa Beauty","4001065174756","2.99","1 Stück","Drogerie & Kosmetik","False","https://img.rewe-static.de/7843359/37845350_digital-image.png"
"NIVEA Men Deospray Protect & Care 150ml","NIVEA","4005900829320","2.25","150ml (1 l = 15 €)","Drogerie & Kosmetik","False","https://img.rewe-static.de/2712283/25600652_digital-image.png"
"Head & Shoulders Anti-Schuppen Shampoo Citrus Fresh 300ml","Head & Shoulders","8001090890528","4.45","300ml (1 l = 14,83 €)","Drogerie & Kosmetik","False","https://img.rewe-static.de/2952291/25508623_digital-image.png"
"NIVEA Men Deo Roll-On Fresh Ocean ohne Aluminium 50ml","NIVEA","42419334","2.25","50ml (1 l = 45 €)","Drogerie & Kosmetik","False","https://img.rewe-static.de/2605569/24497353_digital-image.png"
"Pantene Pro-V Volumen Pur Pflegespülung 200ml","Pantene Pro-V","8001090094353","3.45","200ml (1 l = 17,25 €)","Drogerie & Kosmetik","False","https://img.rewe-static.de/3201606/28598563_digital-image.png"
"Today Sun Kids Sonnencreme Sensitiv LSF 50+ 150ml","Today","22564559","5.49","150ml (1 l = 36,60 €)","Drogerie & Kosmetik","False","https://img.rewe-static.de/7637084/41854097_digital-image.png"
"REWE Beste Wahl Taschentücher-Box 100 Stück","REWE Beste Wahl","4337256258401","0.95","100 Stück","Drogerie & Kosmetik","False","https://img.rewe-static.de/1953777/31563763_digital-image.png"
"Zewa Ultra Smart Toilettenpapier 4-lagig 4x280 Blatt","Zewa","7322541411828","3.99","4x280 Stück","Drogerie & Kosmetik","True","https://img.rewe-static.de/8630726/34688792_digital-image.png"
"Head & Shoulders Anti-Schuppen Shampoo 2 in 1 Classic Clean 250ml","Head & Shoulders","8001090892843","4.45","250ml (1 l = 17,80 €)","Drogerie & Kosmetik","False","https://img.rewe-static.de/8106294/28910515_digital-image.png"
"Guhl Tiefenaufbau Reparatur Spülung mit Kirschblüte & Mandelöl 200ml","Guhl","4072600282380","3.49","200ml (1 l = 17,45 €)","Drogerie & Kosmetik","False","https://img.rewe-static.de/2595146/24644425_digital-image.png"
"Hansaplast Sensitive Kids 20 Stück","Hansaplast","4005800278501","2.39","20 Stück","Drogerie & Kosmetik","False","https://img.rewe-static.de/8578068/43160062_digital-image.png"
"Today Shampoo Frucht & Vitamin 500ml","Today","27149089","0.95","500ml (1 l = 1,90 €)","Drogerie & Kosmetik","False","https://img.rewe-static.de/1297808/20361748_digital-image.png"
"Schwarzkopf Blonde Aufheller L1++ Extrem Aufheller Plus 143ml","Schwarzkopf","4015100432275","5.99","1 Stück","Drogerie & Kosmetik","False","https://img.rewe-static.de/2345152/23833957_digital-image.png"
"Tena Men Einlagen Level 3 8 Stück","Tena","7322541497501","4.99","8 Stück","Drogerie & Kosmetik","False","https://img.rewe-static.de/1129818/23276595_digital-image.png"
"Tena Discreet Ultra Normal 16 Stück","Tena","7322541688367","3.75","16 Stück","Drogerie & Kosmetik","False","https://img.rewe-static.de/8840795/41396164_digital-image.png"
"Palmolive Stückseife Naturals Grüntee-Extrakten & Gurken 90g","Palmolive","8718951364431","0.69","90g (1 kg = 7,67 €)","Drogerie & Kosmetik","False","https://img.rewe-static.de/8487915/31984343_digital-image.png"
"Axe Deospray Epic Fresh 150ml","Axe","8720181192098","3.95","150ml (1 l = 26,33 €)","Drogerie & Kosmetik","False","https://img.rewe-static.de/7838208/37881121_digital-image.png"
"Oliva Intensive Körpercreme mit Olivenöl 250ml","Oliva","8436037792939","2.29","250ml (1 l = 9,16 €)","Drogerie & Kosmetik","False","https://img.rewe-static.de/8445603/31381126_digital-image.png"
"Axe Duschgel Excite 250ml","Axe","8710447276587","2.59","250ml (1 l = 10,36 €)","Drogerie & Kosmetik","False","https://img.rewe-static.de/1080305/9903190_digital-image.png"
"Axe Deospray Jungle Fresh 150ml","Axe","8720181436710","3.95","150ml (1 l = 26,33 €)","Drogerie & Kosmetik","False","https://img.rewe-static.de/9043669/43523232_digital-image.png"
"Rexona Deo Spray Invisible Aqua Anti-Transpirant 150ml","Rexona","8710447492253","2.25","150ml (1 l = 15 €)","Drogerie & Kosmetik","False","https://img.rewe-static.de/2043429/21791882_digital-image.png"
"Today Tampons Normal 80 Stück","Today","22027023","2.75","80 Stück","Drogerie & Kosmetik","False","https://img.rewe-static.de/8873362/38795413_digital-image.png"
"Fa Men Deospray Dark Passion 150ml","Fa","4015100428988","1.69","150ml (1 l = 11,27 €)","Drogerie & Kosmetik","False","https://img.rewe-static.de/7925966/38413115_digital-image.png"
"Garnier Fructis Shampoo Vitamine & Kraft Blutorange 250ml","Garnier","3600542430432","1.89","250ml (1 l = 7,56 €)","Drogerie & Kosmetik","True","https://img.rewe-static.de/7772328/43160758_digital-image.png"
"Sagrotan Hygieneseife Aloe Vera 250ml","Sagrotan","4002448099871","2.25","250ml (1 l = 9 €)","Drogerie & Kosmetik","False","https://img.rewe-static.de/2854967/25300369_digital-image.png"
"Today Baumwollwatte 100g","Today","25889000","0.99","100g (1 kg = 9,90 €)","Drogerie & Kosmetik","False","https://img.rewe-static.de/2138636/30914526_digital-image.png"
"Q-Tips Pflegestäbchen 160 Stück","Q-tips","4000576027230","1.29","160 Stück","Drogerie & Kosmetik","False","https://img.rewe-static.de/8312056/29442665_digital-image.png"
"Axe Deospray Dark Temptation ohne Aluminium 150ml","Axe","8717163640777","3.95","150ml (1 l = 26,33 €)","Drogerie & Kosmetik","False","https://img.rewe-static.de/2146286/29354524_digital-image.png"
"Palmolive Flüssigseife Milch & Honig 300ml","Palmolive","8714789939667","1.69","300ml (1 l = 5,63 €)","Drogerie & Kosmetik","False","https://img.rewe-static.de/2169919/22487245_digital-image.png"
"Tena Discreet Mini 20 Einlagen","Tena","7322541083087","3.75","20 Stück","Drogerie & Kosmetik","False","https://img.rewe-static.de/8053180/29948681_digital-image.png"
"NIVEA Deo Roll-On Pure & Sensitive 50ml","NIVEA","42419372","2.25","50ml (1 l = 45 €)","Drogerie & Kosmetik","False","https://img.rewe-static.de/2606458/31442648_digital-image.png"
"Axe Deospray Ice Chill ohne Aluminiumsalze 150ml","Axe","8710447497319","3.95","150ml (1 l = 26,33 €)","Drogerie & Kosmetik","False","https://img.rewe-static.de/8295446/41172755_digital-image.png"
"Gillette Rasiergel Series empfindliche Haut 200ml","Gillette","7702018620371","2.99","200ml (1 l = 14,95 €)","Drogerie & Kosmetik","False","https://img.rewe-static.de/7941609/9687120_digital-image.png"
"NIVEA Creme Dose 250ml","NIVEA","4005900917171","3.65","250ml (1 l = 14,60 €)","Drogerie & Kosmetik","False","https://img.rewe-static.de/2387369/23740538_digital-image.png"
"Bebe 5in1 Erfrischende Reinigungstücher 25 Stück","Bebe","3574661671710","1.85","25 Stück","Drogerie & Kosmetik","False","https://img.rewe-static.de/2727496/24973397_digital-image.png"
"Sagrotan Samt-Schaum Seife Kirschblüte & Rose 250ml","Sagrotan","4002448101659","2.99","250ml (1 l = 11,96 €)","Drogerie & Kosmetik","False","https://img.rewe-static.de/3018525/27195389_digital-image.png"
"Schwarzkopf Gliss Shampoo Liquid Silk 250ml","Gliss","4015100813111","2.99","250ml (1 l = 11,96 €)","Drogerie & Kosmetik","False","https://img.rewe-static.de/7229170/27592171_digital-image.png"
"REWE Beste Wahl Atemfrei Taschentücher 10x10 Stück","REWE Beste Wahl","4337256669399","1.79","NA","Drogerie & Kosmetik","False","https://img.rewe-static.de/2752289/25002352_digital-image.png"
"Rexona Deospray Shower Fresh Anti-Transpirant 150ml","Rexona","8720181438646","2.99","150ml (1 l = 19,93 €)","Drogerie & Kosmetik","False","https://img.rewe-static.de/9053558/43081049_digital-image.png"
"Today Schaumbad Vital 1l","Today","22437181","1.59","1000ml","Drogerie & Kosmetik","False","https://img.rewe-static.de/8981615/41765356_digital-image.png"
"NIVEA Men Deo Roll-On Protect & Care 0% Alu 50 ml","NIVEA","42417927","2.25","50ml (1 l = 45 €)","Drogerie & Kosmetik","False","https://img.rewe-static.de/2761664/29945157_digital-image.png"
"Garnier Mineral Deo Spray Ultra Dry 150ml","Garnier","3600542227292","2.59","150ml (1 l = 17,27 €)","Drogerie & Kosmetik","False","https://img.rewe-static.de/0907921/18222120_digital-image.png"
"Garnier Wahre Schätze 1-Minute Haarkur Sanfte Hafermilch 340ml","Garnier","3600542509718","4.99","340ml (1 l = 14,68 €)","Drogerie & Kosmetik","False","https://img.rewe-static.de/7713434/38955376_digital-image.png"
"Today Sun Kids Sonnenspray Sensitiv LSF 50 200ml","Today","22577092","5.29","200ml (1 l = 26,45 €)","Drogerie & Kosmetik","False","https://img.rewe-static.de/9003458/41952550_digital-image.png"
"Fa Duschcreme Aloe Vera Yoghurt 250ml","Fa","4015100427509","1.29","250ml (1 l = 5,16 €)","Drogerie & Kosmetik","False","https://img.rewe-static.de/8555422/33206697_digital-image.png"
"Garnier Cleansing Mizelle Reinigungswasser für normale Haut 400ml","Garnier","3600541698482","3.59","400ml (1 l = 8,98 €)","Drogerie & Kosmetik","False","https://img.rewe-static.de/2348757/23541930_digital-image.png"
"Today Dent Zahnseide gewachst 100m","Today","28031000","0.95","100m (1 m = 0,01 €)","Drogerie & Kosmetik","False","https://img.rewe-static.de/8097653/29587441_digital-image.png"
"Fa Deospray Divine Moments 150ml","Fa","4015100428940","1.69","150ml (1 l = 11,27 €)","Drogerie & Kosmetik","False","https://img.rewe-static.de/8552275/33206727_digital-image.png"
"Fa Duschcreme Divine Moments 250ml","Fa","4015100427561","1.29","250ml (1 l = 5,16 €)","Drogerie & Kosmetik","False","https://img.rewe-static.de/7888820/33600556_digital-image.png"
"Blend-a-med Zahnpasta Classic 75ml","Blend-a-med","8006540947234","1.19","75ml (1 l = 15,87 €)","Drogerie & Kosmetik","False","https://img.rewe-static.de/3075942/26202687_digital-image.png"
"Dove Waschstück Beauty Cream Bar Seife 90g","Dove","8720182264664","1.49","90g (1 kg = 16,56 €)","Drogerie & Kosmetik","False","https://img.rewe-static.de/8761593/36151025_digital-image.png"
"Blend-a-dent Super-Haftcreme extra stark neutral 47g","Blend-a-dent","8006540314951","3.75","47g (1 kg = 79,79 €)","Drogerie & Kosmetik","False","https://img.rewe-static.de/1059417/13582820_digital-image.png"
"Schaebens Totes Meer-Maske 15ml","Schaebens","4003573020068","0.6","15ml (1 l = 40 €)","Drogerie & Kosmetik","False","https://img.rewe-static.de/7331533/810530_digital-image.png"
"Rexona Men Deospray Cobalt Dry Anti-Transpirant 150ml","Rexona","8710447493915","2.25","150ml (1 l = 15 €)","Drogerie & Kosmetik","False","https://img.rewe-static.de/2043245/21740947_digital-image.png"
"REWE Beste Wahl Taschentücher extragroß 4-lagig, 110 Blatt","REWE Beste Wahl","4337256487917","2.39","110 Stück","Drogerie & Kosmetik","False","https://img.rewe-static.de/8789293/36887899_digital-image.png"
"Bübchen Shampoo & Spülung Prinzessin Rosalea 230ml","Bübchen","4065331001160","1.79","230ml (1 l = 7,78 €)","Drogerie & Kosmetik","False","https://img.rewe-static.de/8724100/34779899_digital-image.png"
"NIVEA Pflegeseife Creme Soft 250ml","NIVEA","4005808807000","1.79","250ml (1 l = 7,16 €)","Drogerie & Kosmetik","False","https://img.rewe-static.de/5107288/23449879_digital-image.png"
"Schaebens Hyaluron Maske Hydro Boost 2x5ml","Schaebens","4003573020969","0.6","5ml","Drogerie & Kosmetik","False","https://img.rewe-static.de/7078068/29670978_digital-image.png"
"CD Deospray Große Freiheit 24h Frische Brise 150ml","CD","4045612001652","1.99","150ml (1 l = 13,27 €)","Drogerie & Kosmetik","False","https://img.rewe-static.de/2496088/29390753_digital-image.png"
"Tena Slipeinlagen Lights Sensitive Long 20 Stück","Tena","7322541343686","2.59","20 Stück","Drogerie & Kosmetik","False","https://img.rewe-static.de/2298101/23199763_digital-image.png"
"Today Cremedusche Milch & Honig 300ml","Today","21692949","0.55","300ml (1 l = 1,83 €)","Drogerie & Kosmetik","False","https://img.rewe-static.de/2537394/25460926_digital-image.png"
"Garnier Fructis Shampoo Oil Repair trockenes Haar 250ml","Garnier","3600541979635","1.89","250ml (1 l = 7,56 €)","Drogerie & Kosmetik","True","https://img.rewe-static.de/3184144/26331936_digital-image.png"
"Rexona Deo Creme Maximum Protection Clean Scent 45ml","Rexona","8718114202372","5.49","45ml (1 l = 122 €)","Drogerie & Kosmetik","False","https://img.rewe-static.de/0979578/27390791_digital-image.png"
"Duschdas Duschgel Pfirsich 225ml","Duschdas","8720181334139","1.29","225ml (1 l = 5,73 €)","Drogerie & Kosmetik","False","https://img.rewe-static.de/8912927/39134040_digital-image.png"
"Listerine Mundspülung Cool Mint Extra-frisch 500ml","Listerine","3574661731025","3.99","500ml (1 l = 7,98 €)","Drogerie & Kosmetik","False","https://img.rewe-static.de/8930426/39730858_digital-image.png"
"L'Oréal Men Expert Duschgel Pure Carbon 250ml","L'Oréal Paris","3600524036638","1.89","250ml (1 l = 7,56 €)","Drogerie & Kosmetik","False","https://img.rewe-static.de/8848202/37261986_digital-image.png"
"Cottonelle Feuchtes Toilettenpapier Sensitiv Pflegend Parfümfrei & Extra sanft 42 Stück","Cottonelle","5029053583921","1.59","42 Stück","Drogerie & Kosmetik","False","https://img.rewe-static.de/9956945/45102933_digital-image.png"
"Garnier Mizellen-Reinigungswasser Rosenwasser 400ml","Garnier","3600542326254","3.59","400ml (1 l = 8,98 €)","Drogerie & Kosmetik","False","https://img.rewe-static.de/8464348/31617384_digital-image.png"
"Always Slipeinlagen Daily Protect Extra Long 40 Stück","Always","8006540688977","2.59","40 Stück","Drogerie & Kosmetik","True","https://img.rewe-static.de/7182584/42659170_digital-image.png"
"Today Slipeinlagen Extra Lang 26 Stück","Today","22037404","0.99","26 Stück","Drogerie & Kosmetik","False","https://img.rewe-static.de/7721991/39155502_digital-image.png"
"Today Discreet Hygiene Einlagen Maxi 15 Stück","Today","4337256592857","3.95","15 Stück","Drogerie & Kosmetik","False","https://img.rewe-static.de/8905552/44138136_digital-image.png"
"Tempo Taschentücher klassik 4-lagig, 30x10 Tücher","Tempo","7322540788709","3.85","NA","Drogerie & Kosmetik","False","https://img.rewe-static.de/0350770/26743424_digital-image.png"
"Always Slipeinlagen Daily Protect Long 48 Stück","Always","8006540688892","2.59","48 Stück","Drogerie & Kosmetik","True","https://img.rewe-static.de/7179377/40627195_digital-image.png"
"Pregnafix Schwangerschaftstest Schnell und Einfach 1 Stück","Pregnafix","9005365004213","3.49","1 Stück","Drogerie & Kosmetik","False","https://img.rewe-static.de/8592436/33052886_digital-image.png"
"Oral-B Aufsteckbürste 4 Stück","Oral-B","4210201410447","9.99","4 Stück","Drogerie & Kosmetik","False","https://img.rewe-static.de/7990697/31402094_digital-image.png"
"Colgate Zahnbürste Extra Clean Mittel 3 Stück","Colgate","8714789365152","1.99","3 Stück","Drogerie & Kosmetik","False","https://img.rewe-static.de/0301429/10037330_digital-image.png"
"Today Birkenhaarwasser ohne Fett 500ml","Today","21128004","1.79","500ml (1 l = 3,58 €)","Drogerie & Kosmetik","False","https://img.rewe-static.de/2003150/22690391_digital-image.png"
"L'Oréal Men Expert Deo Roll-On Carbon Protect 50ml","L'Oréal Paris","3600523741465","2.29","50ml (1 l = 45,80 €)","Drogerie & Kosmetik","False","https://img.rewe-static.de/2130370/32878759_digital-image.png"
"Colgate Total Zahnpasta Plus Gesunde Frische 75ml","Colgate","8718951227323","2.65","75ml (1 l = 35,33 €)","Drogerie & Kosmetik","False","https://img.rewe-static.de/2226672/29317508_digital-image.png"
"Schwarzkopf taft Locken Schaumfestiger Halt 3 150ml","taft","4015100810004","3.25","150ml (1 l = 21,67 €)","Drogerie & Kosmetik","False","https://img.rewe-static.de/8551621/37881022_digital-image.png"
"CD Milde Seife Avocado 100g","CD","4045612009412","0.99","100g (1 kg = 9,90 €)","Drogerie & Kosmetik","False","https://img.rewe-static.de/8848417/37722095_digital-image.png"
"Danke Toilettenpapier 3-lagig 8x150 Blatt","Danke","7322542035917","3.69","8x150 Stück","Drogerie & Kosmetik","False","https://img.rewe-static.de/9004340/39280567_digital-image.png"
"Gillette Blue Simple3 5 Stück","Gillette","8006540733547","3.29","5 Stück","Drogerie & Kosmetik","False","https://img.rewe-static.de/8941724/40986759_digital-image.png"
"Today Rasiergel Aloe Vera 150ml","Today","21108877","1.05","150ml (1 l = 7 €)","Drogerie & Kosmetik","False","https://img.rewe-static.de/1314797/20851001_digital-image.png"
"Blend-a-med Zahnpasta Kräuter 75ml","Blend-a-med","8006540946930","1.19","75ml (1 l = 15,87 €)","Drogerie & Kosmetik","False","https://img.rewe-static.de/3075941/26202678_digital-image.png"
"Palmolive Flüssigseife Milch & Mandel 300ml","Palmolive","8714789939681","1.69","300ml (1 l = 5,63 €)","Drogerie & Kosmetik","False","https://img.rewe-static.de/2169944/22489647_digital-image.png"
"Garnier Wahre Schätze Shampoo Reiswasser Ritual & Stärke 250ml","Garnier","3600542572064","2.49","250ml (1 l = 9,96 €)","Drogerie & Kosmetik","False","https://img.rewe-static.de/9034212/43461707_digital-image.png"
"Garnier Wahre Schätze Shampoo Mythische Olive 250ml","Garnier","3600542461351","2.49","250ml (1 l = 9,96 €)","Drogerie & Kosmetik","False","https://img.rewe-static.de/2527028/25178306_digital-image.png"
"Carefree Cotton Slipeinlagen Aloe Normal 56 Stück","Carefree","3574661486307","2.95","56 Stück","Drogerie & Kosmetik","False","https://img.rewe-static.de/8825680/36637227_digital-image.png"
"Garnier Fructis Kräftigende Spülung Aloe Hydra Bomb 200ml","Garnier","3600542117326","1.89","200ml (1 l = 9,45 €)","Drogerie & Kosmetik","True","https://img.rewe-static.de/7204292/29178632_digital-image.png"
"L'Oréal Paris Elvital Shampoo Dream Length 300ml","L'Oréal Paris","3600523595624","4.49","300ml (1 l = 14,97 €)","Drogerie & Kosmetik","False","https://img.rewe-static.de/7209191/27825056_digital-image.png"
"L'Oréal Paris Elvital Dream Length Spülung 250ml","L'Oréal Paris","3600523586813","4.49","250ml (1 l = 17,96 €)","Drogerie & Kosmetik","False","https://img.rewe-static.de/7205995/27825359_digital-image.png"
"Today Einwegrasierer Herren 10 Stück","Today","21110504","1.15","10 Stück","Drogerie & Kosmetik","False","https://img.rewe-static.de/1310398/35935180_digital-image.png"
"Aronal Zahnpasta Zahnfleischschutz 75ml","Aronal","7610108056316","3.99","75ml (1 l = 53,20 €)","Drogerie & Kosmetik","False","https://img.rewe-static.de/1309944/20957965_digital-image.png"
"Maybelline Augen Make-Up Entferner wasserfest 125ml","Maybelline","4084200550202","3.29","125ml (1 l = 26,32 €)","Drogerie & Kosmetik","False","https://img.rewe-static.de/0999601/23732568_digital-image.png"
"Fa Deospray Sport 150ml","Fa","4015100428964","1.69","150ml (1 l = 11,27 €)","Drogerie & Kosmetik","False","https://img.rewe-static.de/7924715/32824767_digital-image.png"
"Fa Men Duschgel Kick Off 250ml","Fa","4015100427363","1.29","250ml (1 l = 5,16 €)","Drogerie & Kosmetik","False","https://img.rewe-static.de/8549852/32824672_digital-image.png"
"NIVEA Men Deospray Fresh Ocean 150ml","NIVEA","4005900843418","2.25","150ml (1 l = 15 €)","Drogerie & Kosmetik","False","https://img.rewe-static.de/2605549/26997352_digital-image.png"
"Sensodyne Zahncreme Repair & Protect 75ml","Sensodyne","5054563099587","5.99","75ml (1 l = 79,87 €)","Drogerie & Kosmetik","False","https://img.rewe-static.de/2186565/22612951_digital-image.png"
"Zewa bewährt Toilettenpapier 3-lagig 8x150 Blatt","Zewa","7322541442488","3.99","8x150 Stück","Drogerie & Kosmetik","False","https://img.rewe-static.de/7849649/36469207_digital-image.png"
"Blend-a-med Zahnpasta Complete Protect Expert Tiefenreinigung 75ml","Blend-a-med","8001090573049","2.79","75ml (1 l = 37,20 €)","Drogerie & Kosmetik","False","https://img.rewe-static.de/3075894/26329958_digital-image.png"
"Today Vaseline 125ml","Today","28413103","1.29","125ml (1 l = 10,32 €)","Drogerie & Kosmetik","False","https://img.rewe-static.de/2096451/22547362_digital-image.png"
"Tempo feuchte Toilettentücher sanft & pflegend 42 Tücher","Tempo","7322540907551","1.79","42 Stück","Drogerie & Kosmetik","False","https://img.rewe-static.de/3285069/26772245_digital-image.png"
"Today Dent Zahncreme Sensitiv 125ml","Today","22004321","0.85","125ml (1 l = 6,80 €)","Drogerie & Kosmetik","False","https://img.rewe-static.de/7994992/31468990_digital-image.png"
"Today Men Duschgel Dark Intense 300ml","Today","25913484","0.95","300ml","Drogerie & Kosmetik","False","https://img.rewe-static.de/8824896/37384355_digital-image.png"
"Today 2-Phasen Augen Make-Up Entferner 100ml","Today","21322754","0.95","100ml (1 l = 9,50 €)","Drogerie & Kosmetik","False","https://img.rewe-static.de/8523129/33848427_digital-image.png"
"Tempo feuchte Toilettentücher sanft & sensitiv 42 Tücher","Tempo","7322540907520","1.79","42 Stück","Drogerie & Kosmetik","False","https://img.rewe-static.de/3285070/27100605_digital-image.png"
"schauma Spülung Fresh it Up! 250ml","schauma","4015100718317","1.45","250ml (1 l = 5,80 €)","Drogerie & Kosmetik","False","https://img.rewe-static.de/2344854/23560017_digital-image.png"
"Odol-med3 Zahncreme Standard 125ml","Odol-med3","5054563191489","1.95","125ml (1 l = 15,60 €)","Drogerie & Kosmetik","False","https://img.rewe-static.de/7991177/23128230_digital-image.png"
"Colgate Zahnpasta Dentagard Kräuter 75ml","Dentagard","8718951031876","0.89","75ml (1 l = 11,87 €)","Drogerie & Kosmetik","False","https://img.rewe-static.de/2456234/24104695_digital-image.png"
"Schwarzkopf Taft Haarspray Power Halt 5 250ml","taft","4015100810066","3.25","250ml (1 l = 13 €)","Drogerie & Kosmetik","False","https://img.rewe-static.de/8588550/32561428_digital-image.png"
"NIVEA Pflegedusche Creme Sensitiv 250ml","NIVEA","4005900933034","1.75","250ml (1 l = 7 €)","Drogerie & Kosmetik","False","https://img.rewe-static.de/8748736/36084404_digital-image.png"
"meridol Zahnpasta Zahnfleischschutz antibakteriell 75ml","Meridol","7610108059461","4.49","75ml (1 l = 59,87 €)","Drogerie & Kosmetik","False","https://img.rewe-static.de/0139408/11790280_digital-image.png"
"Palmolive Flüssigseife Hygiene-Plus Sensitive antibakteriell 300ml","Palmolive","8714789673653","1.69","300ml (1 l = 5,63 €)","Drogerie & Kosmetik","False","https://img.rewe-static.de/1227889/27384433_digital-image.png"
"Today Seife Milch & Honig Nachfüllbeutel 750ml","Today","22386939","0.85","750ml (1 l = 1,13 €)","Drogerie & Kosmetik","False","https://img.rewe-static.de/7133953/28060859_digital-image.png"
"today dent Zahnseidesticks mit Zahnstocher 64 Stück","Today","22136596","1.2","64 Stück","Drogerie & Kosmetik","False","https://img.rewe-static.de/8925182/40486304_digital-image.png"
"Dr. Best Zahnbürste Hoch-Tief Weich","Dr. Best","5054563924995","1.95","1 Stück","Drogerie & Kosmetik","False","https://img.rewe-static.de/8632207/40745882_digital-image.png"
"Colgate Zahnpasta Max White Charcoal 75 ml","Colgate","8718951249981","3.99","75ml (1 l = 53,20 €)","Drogerie & Kosmetik","False","https://img.rewe-static.de/8071391/29495868_digital-image.png"
"Schwarzkopf Gliss Kur Shampoo verführerisch lang 250 ml","Gliss","4015100812510","2.99","250ml (1 l = 11,96 €)","Drogerie & Kosmetik","False","https://img.rewe-static.de/7227160/29038232_digital-image.png"
"Today Bio-Wattestäbchen mit Papierschaft 160 Stück","Today","25839111","0.45","160 Stück","Drogerie & Kosmetik","False","https://img.rewe-static.de/8212758/28879022_digital-image.png"
"Palmolive Duschgel Naturals Sensitive 250ml","Palmolive","8714789732916","1.29","250ml (1 l = 5,16 €)","Drogerie & Kosmetik","False","https://img.rewe-static.de/2759244/24982221_digital-image.png"
"Always Ultra Damenbinden long mit Flügel 22 Stück","Always","8006540732304","3.95","22 Stück","Drogerie & Kosmetik","False","https://img.rewe-static.de/8605873/38785941_digital-image.png"
"Today Binden Ultra Normal 40 Stück","Today","26148328","1.99","40 Stück","Drogerie & Kosmetik","False","https://img.rewe-static.de/7576262/45490951_digital-image.png"
"Zewa Ultra Soft Toilettenpapier 4-lagig 8x150 Blatt","Zewa","7322541459691","3.99","8x150 Stück","Drogerie & Kosmetik","True","https://img.rewe-static.de/7857477/34127036_digital-image.png"
"Dove Deospray Soft Feel 150ml","Dove","8712561820899","2.25","150ml (1 l = 15 €)","Drogerie & Kosmetik","False","https://img.rewe-static.de/3099542/43723939_digital-image.png"
"Palmolive Duschgel Naturals Olive & Milch 250ml","Palmolive","8714789732886","1.29","250ml (1 l = 5,16 €)","Drogerie & Kosmetik","False","https://img.rewe-static.de/2759243/24982896_digital-image.png"
"schauma Spülung Repair & Pflege 250ml","schauma","4015100718195","1.45","250ml (1 l = 5,80 €)","Drogerie & Kosmetik","False","https://img.rewe-static.de/2344892/23541928_digital-image.png"
"Palmolive Cremebad Naturals Orchidee 650ml","Palmolive","8714789946269","2.99","650ml (1 l = 4,60 €)","Drogerie & Kosmetik","False","https://img.rewe-static.de/2169909/22583015_digital-image.png"
"Zewa bewährt Toilettenpapier Lufterfrischer 3-lagig 8x150 Blatt","Zewa","7322542037232","3.99","8x150 Stück","Drogerie & Kosmetik","False","https://img.rewe-static.de/8932888/39451628_digital-image.png"
"Rexona Deo Stick Cotton Dry Anti-Transpirant 50ml","Rexona","59097884","3.29","50ml (1 l = 65,80 €)","Drogerie & Kosmetik","False","https://img.rewe-static.de/9055727/43077996_digital-image.png"
"natürlich ECO Recycling Toilettenpapier 3-lagig 6x250 Blatt","Natürlich","4337256523585","2.99","6x250 Stück","Drogerie & Kosmetik","False","https://img.rewe-static.de/8846761/38961136_digital-image.png"
"Schaebens Feuchtigkeits-Maske 2x5ml","Schaebens","4003573020044","0.6","2x5ml (1 l = 60 €)","Drogerie & Kosmetik","False","https://img.rewe-static.de/4605985/22380964_digital-image.png"
"Dove Deo Roll-on Original 50ml","Dove","59095842","3.49","50ml (1 l = 69,80 €)","Drogerie & Kosmetik","False","https://img.rewe-static.de/7678695/42069140_digital-image.png"
"schauma Shampoo 7-Kräuter 400ml","schauma","4015100718072","1.45","400ml (1 l = 3,63 €)","Drogerie & Kosmetik","False","https://img.rewe-static.de/2344123/35816348_digital-image.png"
"Syoss Haarspray Volume Lift extra starker Halt 400ml","Syoss","4015100190465","4.99","400ml (1 l = 12,48 €)","Drogerie & Kosmetik","False","https://img.rewe-static.de/3074597/26926373_digital-image.png"
"NIVEA Intimo Waschlotion Sensitive 250ml","NIVEA","4005900216878","2.99","250ml (1 l = 11,96 €)","Drogerie & Kosmetik","False","https://img.rewe-static.de/2655353/26355732_digital-image.png"
"Fa Duschgel Men Sport Energy Boost 250ml","Fa","4015100427400","1.29","250ml (1 l = 5,16 €)","Drogerie & Kosmetik","False","https://img.rewe-static.de/7924958/33205453_digital-image.png"
"Fa Men Duschgel Dark Passion 250ml","Fa","4015100428063","1.29","250ml (1 l = 5,16 €)","Drogerie & Kosmetik","False","https://img.rewe-static.de/8554247/42903672_digital-image.png"
"Today Deo & Bodyspray Fresh 200ml","Today","26169811","0.85","200ml","Drogerie & Kosmetik","False","https://img.rewe-static.de/9198010/45670704_digital-image.png"
"Odol-med3 Zahncreme Kariesschutz XXL 125ml","Odol-med3","5054563202277","1.95","125ml (1 l = 15,60 €)","Drogerie & Kosmetik","False","https://img.rewe-static.de/9064856/43523570_digital-image.png"
"Parsa Beauty Haarbürste Metallpins groß oval","Parsa Beauty","4001065107198","3.99","1 Stück","Drogerie & Kosmetik","False","https://img.rewe-static.de/8593715/43469726_digital-image.png"
"L'Oréal Men Expert Deo Roll-On Invincible Sport 50ml","L'Oréal Paris","3600523741502","2.29","50ml (1 l = 45,80 €)","Drogerie & Kosmetik","False","https://img.rewe-static.de/3063227/27396793_digital-image.png"
"Axe Duschgel Alaska 250ml","Axe","8710447276594","2.59","250ml (1 l = 10,36 €)","Drogerie & Kosmetik","False","https://img.rewe-static.de/9157379/27629412_digital-image.png"
"Alpecin Coffein Shampoo Black Edition 250ml","Alpecin","4008666203663","6.99","250ml (1 l = 27,96 €)","Drogerie & Kosmetik","False","https://img.rewe-static.de/8463781/31616257_digital-image.png"
"Penaten Bad + Shampoo 400ml","Penaten","3574661474939","3.99","400ml (1 l = 9,98 €)","Drogerie & Kosmetik","False","https://img.rewe-static.de/0937927/10207080_digital-image.png"
"NIVEA Duschgel Waterlily & Oil 250ml","NIVEA","4005900932952","1.75","250ml (1 l = 7 €)","Drogerie & Kosmetik","False","https://img.rewe-static.de/8749867/37881048_digital-image.png"
"NIVEA Rosenblüte Anti-Transpirant 150ml","NIVEA","4005900843975","2.25","150ml (1 l = 15 €)","Drogerie & Kosmetik","False","https://img.rewe-static.de/7959347/34064559_digital-image.png"
"Ajona Zahncremekonzentrat 25ml","Ajona","4009903011119","1.79","25ml (1 l = 71,60 €)","Drogerie & Kosmetik","False","https://img.rewe-static.de/0273740/7445130_digital-image.png"
"Zewa Premium Toilettenpapier 5-lagig 6x110 Blatt","Zewa","7322541995373","4.49","6x110 Stück","Drogerie & Kosmetik","False","https://img.rewe-static.de/8921145/39280097_digital-image.png"
"Gillette Einwegrasierer Simply Venus + 2 Gratis 6 Stück","Gillette","7702018070794","1.99","6 Stück","Drogerie & Kosmetik","False","https://img.rewe-static.de/1977698/25888615_digital-image.png"
"Pantene Pro-V Haarshampoo Repair&Care 300ml","Pantene Pro-V","8001090094148","3.45","300ml (1 l = 11,50 €)","Drogerie & Kosmetik","False","https://img.rewe-static.de/3201401/26109070_digital-image.png"
"Kneipp Aroma-Pflegedusche Lebensfreude 200ml","Kneipp","4008233114781","2.79","200ml (1 l = 13,95 €)","Drogerie & Kosmetik","False","https://img.rewe-static.de/1223624/20332152_digital-image.png"
"Elmex Zahnpasta Sensitive Professional 75ml","Elmex","7610108047536","5.99","75ml (1 l = 79,87 €)","Drogerie & Kosmetik","False","https://img.rewe-static.de/1009790/22591374_digital-image.png"
"Today Trockenshampoo Fresh 200ml","Today","21728242","1.95","200ml","Drogerie & Kosmetik","False","https://img.rewe-static.de/7789992/36808111_digital-image.png"
"Colgate Zahnpasta Max White Sparkle Diamonds 75ml","Colgate","8718951314535","1.79","75ml (1 l = 23,87 €)","Drogerie & Kosmetik","False","https://img.rewe-static.de/2120812/22031110_digital-image.png"
"Hakle Sanft & Sicher Toilettenpapier 4-lagig 8x130 Blatt","Hakle","4260344220144","3.99","NA","Drogerie & Kosmetik","False","https://img.rewe-static.de/3793281/23245864_digital-image.png"
"Elmex Zahnpasta Sensitive Professional sanftes Weiss 75ml","Elmex","7610108053568","5.99","75ml (1 l = 79,87 €)","Drogerie & Kosmetik","False","https://img.rewe-static.de/1166521/22629727_digital-image.png"
"Pantene Pro-V Pflegespülung Repair & Care 200ml","Pantene Pro-V","8001090096692","3.45","200ml (1 l = 17,25 €)","Drogerie & Kosmetik","False","https://img.rewe-static.de/3201588/26108924_digital-image.png"
"Odol-med3 Zahncreme Original 75ml","Odol-med3","5054563191458","1.29","75ml (1 l = 17,20 €)","Drogerie & Kosmetik","False","https://img.rewe-static.de/2728270/24979060_digital-image.png"
"NIVEA Men Duschgel Sport 3in1 250ml","NIVEA","4005900952349","1.75","250ml","Drogerie & Kosmetik","False","https://img.rewe-static.de/8746981/36085595_digital-image.png"
"o.b. Tampons ProComfort Super 54 Stück","o.b.","3574661582467","4.95","54 Stück","Drogerie & Kosmetik","False","https://img.rewe-static.de/8558018/32639434_digital-image.png"
"Nivea Handcreme Mandelöl & Shea Butter 100g","NIVEA","42398165","2.49","100ml (1 l = 24,90 €)","Drogerie & Kosmetik","False","https://img.rewe-static.de/7965421/33540400_digital-image.png"
"Rexona Men Deospray Sport Defence Anti-Transpirant 150ml","Rexona","8710447493953","2.25","150ml (1 l = 15 €)","Drogerie & Kosmetik","False","https://img.rewe-static.de/2043517/21791992_digital-image.png"
"NIVEA Men Duschgel Energy 250ml","NIVEA","4005900952264","1.75","250ml","Drogerie & Kosmetik","False","https://img.rewe-static.de/7759590/36084948_digital-image.png"
"Head & Shoulders Anti-Schuppen Shampoo Classic Clean 500ml","Head & Shoulders","8001090896315","6.99","500ml (1 l = 13,98 €)","Drogerie & Kosmetik","False","https://img.rewe-static.de/2952310/26869223_digital-image.png"
"Palmolive Flüssigseife Nachfüller Hygiene Plus 500ml","Palmolive","8718951460485","1.99","500ml (1 l = 3,98 €)","Drogerie & Kosmetik","False","https://img.rewe-static.de/7848378/41022358_digital-image.png"
"Garnier Wahre Schätze Shampoo Kokosmilch & Macadamia 250ml","Garnier","3600542462402","2.49","250ml (1 l = 9,96 €)","Drogerie & Kosmetik","False","https://img.rewe-static.de/7083735/26925579_digital-image.png"
"schauma Spülung Color Glanz 250ml","schauma","4015100718256","1.45","250ml (1 l = 5,80 €)","Drogerie & Kosmetik","False","https://img.rewe-static.de/2344846/23559882_digital-image.png"
"Bruno Banani Deospray Made for Men 150ml","Bruno Banani","3616302035427","3.29","150ml (1 l = 21,93 €)","Drogerie & Kosmetik","False","https://img.rewe-static.de/2428127/23794805_digital-image.png"
"NIVEA Schaumfestiger Volumen Pflege 150ml","NIVEA","4005900749727","3.49","150ml (1 l = 23,27 €)","Drogerie & Kosmetik","False","https://img.rewe-static.de/7162965/27187080_digital-image.png"
"Pantene Pro-V Haarshampoo Color Protect 300ml","Pantene Pro-V","8001090093936","3.45","300ml (1 l = 11,50 €)","Drogerie & Kosmetik","False","https://img.rewe-static.de/3201421/26161976_digital-image.png"
"Always Damenbinden Maxi Größe 2 Long mit Flügel 14 Stück","Always","8006540460016","1.99","14 Stück","Drogerie & Kosmetik","False","https://img.rewe-static.de/8688723/37170919_digital-image.png"
"Today Einwegrasierer 10 Stück","Today","21205095","1.15","10 Stück","Drogerie & Kosmetik","False","https://img.rewe-static.de/2299639/23952855_digital-image.png"
"Dove Men+Care Duschgel Clean Comfort 250ml","Dove","8720181302336","2.29","250ml (1 l = 9,16 €)","Drogerie & Kosmetik","False","https://img.rewe-static.de/2353847/40609050_digital-image.png"
"Colgate Zahncreme Sensation White 75ml","Colgate","8718951312432","1.79","75ml (1 l = 23,87 €)","Drogerie & Kosmetik","False","https://img.rewe-static.de/1930761/2532560_digital-image.png"
"Garnier Fructis Shampoo Schadenlöscher 250ml","Garnier","3600541979314","1.89","250ml (1 l = 7,56 €)","Drogerie & Kosmetik","True","https://img.rewe-static.de/3184166/26308462_digital-image.png"
"Axe Duschgel Dark Temptation 250ml","Axe","8710447276570","2.59","250ml (1 l = 10,36 €)","Drogerie & Kosmetik","False","https://img.rewe-static.de/0735018/27629411_digital-image.png"
"Tempo Taschentücher Light XXL Box 3-lagig 140 Tücher","Tempo","7322541402932","2.49","140 Stück","Drogerie & Kosmetik","False","https://img.rewe-static.de/8633434/40945935_digital-image.png"
"NIVEA Pflegeshampoo & Spülung 2in1 Express Pflege 250ml","NIVEA","4005900917782","2.99","250ml (1 l = 11,96 €)","Drogerie & Kosmetik","False","https://img.rewe-static.de/7156711/27100617_digital-image.png"
"Batiste Trockenshampoo Cherry 200ml","Batiste","5010724526798","3.79","200ml (1 l = 18,95 €)","Drogerie & Kosmetik","False","https://img.rewe-static.de/7228437/29390351_digital-image.png"
"Zewa Smart Toilettenpapier ohne Hülse 4x300 Blatt","Zewa","7322541147741","3.99","4x300 Stück","Drogerie & Kosmetik","False","https://img.rewe-static.de/7218314/27716491_digital-image.png"
"Schwarzkopf Gliss Spülung Total Repair 200ml","Gliss","4015100812275","2.99","200ml (1 l = 14,95 €)","Drogerie & Kosmetik","False","https://img.rewe-static.de/7207535/27592408_digital-image.png"
"Schwarzkopf Gliss Kur Shampoo Total Repair 250ml","Gliss","4015100812435","2.99","250ml (1 l = 11,96 €)","Drogerie & Kosmetik","False","https://img.rewe-static.de/7206982/27592183_digital-image.png"
"Sensodyne Zahncreme Sensitiv Fluorid 75ml","Sensodyne","5054563207296","2.95","75ml (1 l = 39,33 €)","Drogerie & Kosmetik","False","https://img.rewe-static.de/5103290/1666220_digital-image.png"
"Today Dent Frische-Gel 125ml","Today","22004406","0.85","125ml (1 l = 6,80 €)","Drogerie & Kosmetik","False","https://img.rewe-static.de/2001539/22111565_digital-image.png"
"Schwarzkopf Taft Haarspray Power Invisible Halt 5 250ml","taft","4015100810165","3.25","250ml (1 l = 13 €)","Drogerie & Kosmetik","False","https://img.rewe-static.de/8588990/32629204_digital-image.png"
"NIVEA Men Duschgel Active Clean 250ml","NIVEA","4005900952462","1.75","250ml (1 l = 7 €)","Drogerie & Kosmetik","False","https://img.rewe-static.de/8749592/36084974_digital-image.png"
"Fa Deospray Throwback Moments 150ml","Fa","4015100429787","1.69","150ml (1 l = 11,27 €)","Drogerie & Kosmetik","False","https://img.rewe-static.de/7924416/43100662_digital-image.png"
"Garnier Fructis Spülung Aloe Vera Hair Food 3in1 Maske 400ml","Garnier","3600542511049","5.99","400ml","Drogerie & Kosmetik","False","https://img.rewe-static.de/8871461/39276152_digital-image.png"
"Today Slipeinlagen Lang Duft","Today","22038289","0.99","32 Stück","Drogerie & Kosmetik","False","https://img.rewe-static.de/7719979/39155690_digital-image.png"
"Today Flüssigseife Aqua 500ml","Today","22403476","0.65","500ml (1 l = 1,30 €)","Drogerie & Kosmetik","False","https://img.rewe-static.de/7131685/27910888_digital-image.png"
"Dove Men+Care Deospray Extra Fresh 150ml","Dove","8720181340574","2.25","150ml (1 l = 15 €)","Drogerie & Kosmetik","False","https://img.rewe-static.de/8934957/41665856_digital-image.png"
"Dr. Best Zahnbürste Original Mittel 2+1 Stück","Dr. Best","5054563925084","2.69","3 Stück","Drogerie & Kosmetik","False","https://img.rewe-static.de/7871718/33755822_digital-image.png"
"L'Oréal Men Expert Duschgel Barber Club 250ml","L'Oréal Paris","3600524036607","1.89","250ml (1 l = 7,56 €)","Drogerie & Kosmetik","False","https://img.rewe-static.de/8914510/37721906_digital-image.png"
"o.b. Tampons ProComfort Normal 64 Stück","o.b.","3574661582474","4.95","64 Stück","Drogerie & Kosmetik","False","https://img.rewe-static.de/7923794/32639429_digital-image.png"
"Today Binden Maxi Normal 20 Stück","Today","22036216","0.65","20 Stück","Drogerie & Kosmetik","False","https://img.rewe-static.de/7721515/39346359_digital-image.png"
"Today Lippenpflege Classic Duopack","Today","21015021","0.95","2 Stück","Drogerie & Kosmetik","False","https://img.rewe-static.de/1314744/20155809_digital-image.png"
"Sagrotan Samt-Schaum Seife Vanille & Orchidee 250ml","Sagrotan","4002448101635","2.99","250ml (1 l = 11,96 €)","Drogerie & Kosmetik","False","https://img.rewe-static.de/2919690/25662067_digital-image.png"
"Bebe Soft Shower Cream trockene Haut 250ml","Bebe","3574661384382","1.29","250ml (1 l = 5,16 €)","Drogerie & Kosmetik","False","https://img.rewe-static.de/7230764/28299341_digital-image.png"
"Garnier Wahre Schätze Shampoo Hafermilch 250ml","Garnier","3600542461542","2.49","250ml (1 l = 9,96 €)","Drogerie & Kosmetik","False","https://img.rewe-static.de/2931903/25991413_digital-image.png"
"Today Binden Maxi Super 15 Stück","Today","22035875","0.65","15 Stück","Drogerie & Kosmetik","False","https://img.rewe-static.de/7671720/39346368_digital-image.png"
"Today men Shampoo Active 500ml","Today","27137741","0.95","500ml (1 l = 1,90 €)","Drogerie & Kosmetik","False","https://img.rewe-static.de/3182853/26837329_digital-image.png"
"schauma Shampoo Color Glanz 400ml","schauma","4015100719116","1.45","400ml (1 l = 3,63 €)","Drogerie & Kosmetik","False","https://img.rewe-static.de/2344350/23558026_digital-image.png"
"Syoss Aufheller 13-5 Platin 1 Stück","Syoss","4015100324945","4.79","1 Stück","Drogerie & Kosmetik","False","https://img.rewe-static.de/2652098/26631624_digital-image.png"
"Elmex Zahnpasta Sensitive Professional Repair & Prevent 75ml","Elmex","8718951080041","6.99","75ml (1 l = 93,20 €)","Drogerie & Kosmetik","False","https://img.rewe-static.de/2846716/25172769_digital-image.png"
"Rewe Beste Wahl Feuchtes Toilettenpapier Kamille 50 Stück","REWE Beste Wahl","4388860475029","1.29","50 Stück","Drogerie & Kosmetik","False","https://img.rewe-static.de/8022362/30919030_digital-image.png"
"Swirl Brillen-Putztücher 30 Stück","Swirl","4006508177325","1.99","30 Stück","Drogerie & Kosmetik","False","https://img.rewe-static.de/0529338/2098540_digital-image.png"
"Zewa Toilettenpapier Ultra Soft 4-lagig 8x150 Blatt","Zewa","7322541460109","3.99","8x150 Stück","Drogerie & Kosmetik","True","https://img.rewe-static.de/8658097/35448391_digital-image.png"
"Colgate Zahnpasta Total Original 75ml","Colgate","8718951227262","2.65","75ml (1 l = 35,33 €)","Drogerie & Kosmetik","False","https://img.rewe-static.de/2226666/29317500_digital-image.png"
"L'Oréal Paris Elvital Shampoo Color Glanz 2in1 300ml","L'Oréal Paris","3600523289721","4.49","300ml (1 l = 14,97 €)","Drogerie & Kosmetik","False","https://img.rewe-static.de/2789943/26358439_digital-image.png"
"Dr. Best Zahnbürste Zwischenzahn weich","Dr. Best","5054563925381","2.69","1 Stück","Drogerie & Kosmetik","False","https://img.rewe-static.de/8610078/40746135_digital-image.png"
"Head & Shoulders Anti-Schuppen Shampoo Classic Clean 300ml","Head & Shoulders","8001090890054","4.45","300ml (1 l = 14,83 €)","Drogerie & Kosmetik","False","https://img.rewe-static.de/2952278/30799120_digital-image.png"
"Carefree Slipeinlagen Cotton Feel Normal 56 Stück","Carefree","3574661486314","2.95","56 Stück","Drogerie & Kosmetik","False","https://img.rewe-static.de/7792502/36613087_digital-image.png"
"Sagrotan No-Touch Seife Nachfüller Brombeere und Waldfrüchte 250ml","Sagrotan","4002448100003","3.29","250ml (1 l = 13,16 €)","Drogerie & Kosmetik","False","https://img.rewe-static.de/2850218/26695396_digital-image.png"
"Listerine Mundspülung Total Care Zahnfleisch-Schutz 500ml","Listerine","3574661730967","4.99","500ml (1 l = 9,98 €)","Drogerie & Kosmetik","False","https://img.rewe-static.de/8931855/39386141_digital-image.png"
"Fa Deospray Pink Passion 150ml","Fa","4015100429022","1.69","150ml (1 l = 11,27 €)","Drogerie & Kosmetik","False","https://img.rewe-static.de/7925112/32824752_digital-image.png"
"NIVEA Duschgel Lemongras & Oil 250ml","NIVEA","4005900933157","1.75","250ml (1 l = 7 €)","Drogerie & Kosmetik","False","https://img.rewe-static.de/8747871/36086192_digital-image.png"
"NIVEA Deospray Fresh Fruity 150ml","NIVEA","4005900842947","2.25","150ml (1 l = 15 €)","Drogerie & Kosmetik","False","https://img.rewe-static.de/7278524/27910967_digital-image.png"
"Guhl Tiefenaufbau Reparatur Shampoo mit Kirschblüte & Mandelöl 250ml","Guhl","4072600282373","3.99","250ml (1 l = 15,96 €)","Drogerie & Kosmetik","False","https://img.rewe-static.de/8052180/34471263_digital-image.png"
"Gillette Rasiergel Satin Care empfindliche Haut 200ml","Gillette","8006540768808","2.99","200ml (1 l = 14,95 €)","Drogerie & Kosmetik","False","https://img.rewe-static.de/0913201/10479340_digital-image.png"
"L'Oréal Paris Elvital Spülung Anti-Haarbruch 250ml","L'Oréal Paris","3600523487998","4.49","250ml (1 l = 17,96 €)","Drogerie & Kosmetik","False","https://img.rewe-static.de/3233202/26308672_digital-image.png"
"Basic Toilettenpapier 2-lagig 8x170 Blatt","NA","4000735359684","2.19","8x170 Stück","Drogerie & Kosmetik","False","https://img.rewe-static.de/8959305/39950182_digital-image.png"
"Tetesept Kinder Badespaß Schaumbad Mein Einhorn 40ml","tetesept:","4008491126878","0.99","40ml (1 l = 24,75 €)","Drogerie & Kosmetik","False","https://img.rewe-static.de/7208194/27890481_digital-image.png"
"Today Flüssigseife Nachfüllbeutel Aqua 750ml","Today","22387608","0.85","750ml (1 l = 1,13 €)","Drogerie & Kosmetik","False","https://img.rewe-static.de/7133194/28096493_digital-image.png"
"Signal Zahnpasta Kariesschutz 75ml","Signal","8720181323539","0.99","75ml (1 l = 13,20 €)","Drogerie & Kosmetik","False","https://img.rewe-static.de/1411739/20349891_digital-image.png"
"NIVEA Men Deo Roll-On Dry Impact Plus Antitranspirant 50ml","NIVEA","42419358","2.25","50ml (1 l = 45 €)","Drogerie & Kosmetik","False","https://img.rewe-static.de/2605573/24496605_digital-image.png"
"Sensodyne Zahncreme Extra Frisch 75ml","Sensodyne","5054563207326","2.95","75ml (1 l = 39,33 €)","Drogerie & Kosmetik","False","https://img.rewe-static.de/1215262/13582830_digital-image.png"
"Kamill Hand & Nagel Creme Classic 100ml","Kamill","4000196031051","1.39","100ml (1 l = 13,90 €)","Drogerie & Kosmetik","False","https://img.rewe-static.de/5015995/23182975_digital-image.png"
"Colgate Zahnpasta Sensation White Aktivkohle 75 ml","Colgate","8718951340985","1.79","75ml (1 l = 23,87 €)","Drogerie & Kosmetik","False","https://img.rewe-static.de/8330556/36247915_digital-image.png"
"Today Dent Mundspülung classic 500ml","Today","26002606","0.85","500ml (1 l = 1,70 €)","Drogerie & Kosmetik","False","https://img.rewe-static.de/2001554/22110819_digital-image.png"
"NIVEA Deospray Fresh Natural ohne Aluminium 150ml","NIVEA","4005900843579","2.25","150ml (1 l = 15 €)","Drogerie & Kosmetik","False","https://img.rewe-static.de/2605644/24496503_digital-image.png"
"Elmex Zahnpasta Sensitive 75ml","Elmex","7610108059249","4.49","75ml (1 l = 59,87 €)","Drogerie & Kosmetik","False","https://img.rewe-static.de/7294069/11790330_digital-image.png"
"NIVEA Pflegedusche Creme Soft 250ml","NIVEA","4005900932990","1.75","250ml (1 l = 7 €)","Drogerie & Kosmetik","False","https://img.rewe-static.de/7797032/35856877_digital-image.png"
"Today Kräuterbad Eukalyptus 500ml","Today","21943041","1.39","500ml (1 l = 2,78 €)","Drogerie & Kosmetik","False","https://img.rewe-static.de/7138896/29671627_digital-image.png"
"Rexona Deospray Cotton Dry Anti-Transpirant 150ml","Rexona","8710447492246","2.25","150ml (1 l = 15 €)","Drogerie & Kosmetik","False","https://img.rewe-static.de/2043520/21791879_digital-image.png"
"schauma Shampoo 2in1 Sports Power 400ml","schauma","4015100718058","1.45","400ml (1 l = 3,63 €)","Drogerie & Kosmetik","False","https://img.rewe-static.de/2344756/24355374_digital-image.png"
"Schwarzkopf Gliss Total Repair Express-Repair-Spülung 200ml","Gliss","4015100813470","5.49","200ml (1 l = 27,45 €)","Drogerie & Kosmetik","False","https://img.rewe-static.de/7209285/27860557_digital-image.png"
"Garnier Fructis Schaden Löscher Wunder-Öl Hitzeschutz 150ml","Garnier","3600542020060","5.99","150ml (1 l = 39,93 €)","Drogerie & Kosmetik","False","https://img.rewe-static.de/3229808/26321352_digital-image.png"
"Carefree Slipeinlagen Cotton Feel Flexiform 56 Stück","Carefree","3574661482194","2.95","56 Stück","Drogerie & Kosmetik","False","https://img.rewe-static.de/8761587/36637214_digital-image.png"
"Tena Discreet Einlagen Normal 12 Stück","Tena","7322541085739","3.75","12 Stück","Drogerie & Kosmetik","False","https://img.rewe-static.de/8329399/40688791_digital-image.png"
"Garnier Fructis Anti Schuppen Shampoo 250ml","Garnier","3600541979994","1.89","250ml (1 l = 7,56 €)","Drogerie & Kosmetik","True","https://img.rewe-static.de/3184118/29881609_digital-image.png"
"Fa Men Deospray Kick Off 150ml","Fa","4015100429008","1.69","150ml (1 l = 11,27 €)","Drogerie & Kosmetik","False","https://img.rewe-static.de/7925887/32824762_digital-image.png"
"Head & Shoulders Anti-Schuppen Shampoo Men 500ml","Head & Shoulders","8001090896599","6.99","500ml (1 l = 13,98 €)","Drogerie & Kosmetik","False","https://img.rewe-static.de/2952317/25508608_digital-image.png"
"Fa Duschcreme Mystic Moments 250ml","Fa","4015100427547","1.29","250ml (1 l = 5,16 €)","Drogerie & Kosmetik","False","https://img.rewe-static.de/8594160/33206910_digital-image.png"
"Garnier Fructis Shampoo Wunderbutter 250ml","Garnier","3600541979758","1.89","250ml (1 l = 7,56 €)","Drogerie & Kosmetik","True","https://img.rewe-static.de/3184157/26308532_digital-image.png"
"Theramed Zahnpasta 2in1 Original 75ml","Theramed","4015100295986","1.29","75ml (1 l = 17,20 €)","Drogerie & Kosmetik","False","https://img.rewe-static.de/6983537/25775291_digital-image.png"
"Rexona Deo Roll-On Cotton Dry Anti-Transpirant 50ml","Rexona","59095620","2.25","50ml (1 l = 45 €)","Drogerie & Kosmetik","False","https://img.rewe-static.de/2043527/23046036_digital-image.png"
"Today men Duschgel refresh 300ml","Today","21826450","0.55","300ml (1 l = 1,83 €)","Drogerie & Kosmetik","False","https://img.rewe-static.de/3021115/27551429_digital-image.png"
"Fa Men Duschgel Attraction Force 250ml","Fa","4015100427806","1.29","250ml (1 l = 5,16 €)","Drogerie & Kosmetik","False","https://img.rewe-static.de/8552687/42909255_digital-image.png"
"Carefree Slipeinlagen Plus Normal 56 Stück","Carefree","3574661661957","2.95","56 Stück","Drogerie & Kosmetik","False","https://img.rewe-static.de/8764321/36741889_digital-image.png"
"Nature Box Shampoo Arganöl 385ml","Nature Box","4015100428407","3.99","385ml (1 l = 10,36 €)","Drogerie & Kosmetik","False","https://img.rewe-static.de/7976239/38461328_digital-image.png"
"Palmolive Duschgel Naturals Mandel & Milch Duschgel 250ml","Palmolive","8714789732893","1.29","250ml (1 l = 5,16 €)","Drogerie & Kosmetik","False","https://img.rewe-static.de/2759240/24982199_digital-image.png"
"CD Deo Roll-On Große Freiheit Frische Brise 50ml","CD","4045612001638","1.89","50ml (1 l = 37,80 €)","Drogerie & Kosmetik","False","https://img.rewe-static.de/2496095/24712133_digital-image.png"
"Schwarzkopf Blonde M1 Super Strähnchen 133ml","Schwarzkopf","4015100802948","5.99","1 Stück","Drogerie & Kosmetik","False","https://img.rewe-static.de/2347933/23596273_digital-image.png"
"schauma Shampoo 7 Blüten-Öl 400ml","schauma","4015100719215","1.45","400ml (1 l = 3,63 €)","Drogerie & Kosmetik","False","https://img.rewe-static.de/2765048/24958165_digital-image.png"
"Axe Duschgel Dark Temptation 400ml","Axe","8710447284094","3.55","400ml (1 l = 8,88 €)","Drogerie & Kosmetik","False","https://img.rewe-static.de/0810656/29290806_digital-image.png"
"Dr. Best Zahnbürste Vibration Polimed mittel","Dr. Best","5054563122810","5.99","1 Stück","Drogerie & Kosmetik","False","https://img.rewe-static.de/8890002/39278328_digital-image.png"
"Elmex Zahnbürste Kariesschutz Inter X","Elmex","4007965116506","3.49","1 Stück","Drogerie & Kosmetik","False","https://img.rewe-static.de/7888473/7445680_digital-image.png"
"Parodontax Zahncreme Complete Protection Extra Frisch 75ml","Parodontax","5054563949363","5.99","75ml (1 l = 79,87 €)","Drogerie & Kosmetik","False","https://img.rewe-static.de/7246801/27708913_digital-image.png"
"NIVEA Duschgel Cashmere & Cottonseed Oil 250ml","NIVEA","4005900939715","1.75","250ml (1 l = 7 €)","Drogerie & Kosmetik","False","https://img.rewe-static.de/7800161/37881114_digital-image.png"
"NIVEA Erfrischende Tagespflege 50ml","NIVEA","4005900935267","3.79","50ml (1 l = 75,80 €)","Drogerie & Kosmetik","True","https://img.rewe-static.de/0347214/738210_digital-image.png"
"Schwarzkopf Taft Haarlack Power Halt 5 250ml","taft","4015100810240","3.25","250ml (1 l = 13 €)","Drogerie & Kosmetik","False","https://img.rewe-static.de/8588860/32629107_digital-image.png"
"Colgate Zahnpasta Komplett Extra Frisch 75ml","Colgate","8718951035461","1.39","75ml (1 l = 18,53 €)","Drogerie & Kosmetik","False","https://img.rewe-static.de/1306878/20185267_digital-image.png"
"Always Ultra Damenbinden Secure Night mit Flügeln 18 Stück","Always","8006540732625","3.95","18 Stück","Drogerie & Kosmetik","False","https://img.rewe-static.de/8603996/38809552_digital-image.png"
"Today Haarspray Volumen extra stark 400ml","Today","28430230","1.53","400ml (1 l = 3,83 €)","Drogerie & Kosmetik","False","https://img.rewe-static.de/2530035/25176854_digital-image.png"
"Today Duschgel Innere Ruhe 300ml","Today","21824715","0.55","300ml (1 l = 1,83 €)","Drogerie & Kosmetik","False","https://img.rewe-static.de/2537398/25522946_digital-image.png"
"Elmex Junior Zahnbürste Weich 6-12 Jahre","Elmex","4007965116407","3.39","1 Stück","Drogerie & Kosmetik","False","https://img.rewe-static.de/7888350/23455395_digital-image.png"
"Today Kosmetiktücher 3-lagig 120 Stück","Today","4337256736893","0.99","120 Stück","Drogerie & Kosmetik","False","https://img.rewe-static.de/7625305/42525365_digital-image.png"
"Palmolive Stückseife Naturals Milch & Honig 90g","Palmolive","8714789700069","0.69","90g (1 kg = 7,67 €)","Drogerie & Kosmetik","False","https://img.rewe-static.de/1233899/22473199_digital-image.png"
"Kneipp Aroma-Pflegedusche Gute Laune Maracuja + Grapefruit 200ml","Kneipp","4008233114804","2.79","200ml (1 l = 13,95 €)","Drogerie & Kosmetik","False","https://img.rewe-static.de/1223628/22106656_digital-image.png"
"Palmolive Stückseife Naturals Olive 90g","Palmolive","8714789700045","0.69","90g (1 kg = 7,67 €)","Drogerie & Kosmetik","False","https://img.rewe-static.de/1233895/21411776_digital-image.png"
"Today Men Rasierschaum Sensitiv 300ml","Today","21100963","0.95","300ml (1 l = 3,17 €)","Drogerie & Kosmetik","False","https://img.rewe-static.de/2453791/24554434_digital-image.png"
"Always Ultra Damenbinden normal mit Flügel 26 Stück","Always","8006540732175","3.95","26 Stück","Drogerie & Kosmetik","False","https://img.rewe-static.de/7892366/40902270_digital-image.png"
"Kneipp Aroma-Pflegedusche Sei frei, verrückt und glücklich! 200ml","Kneipp","4008233143583","2.79","200ml (1 l = 13,95 €)","Drogerie & Kosmetik","False","https://img.rewe-static.de/3195688/26674921_digital-image.png"
"Parsa Beauty Zopfhalter Basic klein","Parsa Beauty","4001065885171","1.99","8 Stück","Drogerie & Kosmetik","False","https://img.rewe-static.de/1007023/23668874_digital-image.png"
"Corega Ultra Haftcreme 3D-Halt 40ml","Corega","5054563067449","3.49","40g (1 kg = 87,25 €)","Drogerie & Kosmetik","False","https://img.rewe-static.de/0719021/20403217_digital-image.png"
"Today Leichte Bodylotion Normale Haut 500ml","Today","21955266","1.19","500ml (1 l = 2,38 €)","Drogerie & Kosmetik","False","https://img.rewe-static.de/7864936/34306835_digital-image.png"
"CD Deo Roll-On Wasserlilie 50ml","CD","5014697017086","1.89","50ml (1 l = 37,80 €)","Drogerie & Kosmetik","False","https://img.rewe-static.de/4611632/7176810_digital-image.png"
"Wilkinson Sword Pronto Einwegrasierer 10 Stück","Wilkinson","4027800080359","1.89","10 Stück","Drogerie & Kosmetik","False","https://img.rewe-static.de/1385980/22051156_digital-image.png"
"Today Softpflegecreme 250ml","Today","21956454","1.15","250ml (1 l = 4,60 €)","Drogerie & Kosmetik","False","https://img.rewe-static.de/1937168/21514107_digital-image.png"
"Frosch Senses Sensitivseife Pfirsichblüte 500ml","Frosch","4001499967450","2.49","500ml","Drogerie & Kosmetik","False","https://img.rewe-static.de/7875788/43099469_digital-image.png"
"Wilkinson Sword Xtreme 3 Beauty Einwegrasierer 4+2 Stück","Wilkinson","4027800318605","4.99","6 Stück","Drogerie & Kosmetik","False","https://img.rewe-static.de/0979416/35647037_digital-image.png"
"natürlich ECO Recycling Toilettenpapier 4-lagig 8x160Blatt","Natürlich","4337256753586","3.79","8x160 Stück","Drogerie & Kosmetik","False","https://img.rewe-static.de/7832969/37337192_digital-image.png"
"Oral-B Zahnbürste Kurzkopf mittel 1 Stück","Oral-B","8700216106351","1.99","1 Stück","Drogerie & Kosmetik","False","https://img.rewe-static.de/3183530/20247926_digital-image.png"
"NIVEA Men Duschgel Fresh Ocean 250ml","NIVEA","4005900952226","1.75","250ml (1 l = 7 €)","Drogerie & Kosmetik","False","https://img.rewe-static.de/8750473/36131467_digital-image.png"
"Today Styling Creme 150ml","Today","21288975","1.49","150ml (1 l = 9,93 €)","Drogerie & Kosmetik","False","https://img.rewe-static.de/2317136/23643888_digital-image.png"
"Dr. Best Zahnbürste Classic Original Mittel 1 Stück","Dr. Best","5054563925114","1.39","1 Stück","Drogerie & Kosmetik","False","https://img.rewe-static.de/7874998/35284561_digital-image.png"
"Pantene Pro-V Haarshampoo Glatt&Seidig 300ml","Pantene Pro-V","8001090094025","3.45","300ml (1 l = 11,50 €)","Drogerie & Kosmetik","False","https://img.rewe-static.de/3201441/26154571_digital-image.png"
"Tena Discreet 10 Stück","Tena","7322541067032","3.75","10 Stück","Drogerie & Kosmetik","False","https://img.rewe-static.de/8063113/40688792_digital-image.png"
"Carefree Slipeinlagen Plus long 40 Stück","Carefree","3574661661940","2.95","40 Stück","Drogerie & Kosmetik","False","https://img.rewe-static.de/8759164/36613464_digital-image.png"
"Today Wattepads 140 Stück","Today","25840773","0.95","140 Stück","Drogerie & Kosmetik","False","https://img.rewe-static.de/7055796/27628043_digital-image.png"
"Syoss Shampoo Repair 440ml","Syoss","4015100336689","2.59","440ml (1 l = 5,89 €)","Drogerie & Kosmetik","False","https://img.rewe-static.de/8466546/31617534_digital-image.png"
"Tempo feuchte Toilettentücher sanft & pflegend 2x42 Tücher","Tempo","7322540907643","3.29","2x42 Stück","Drogerie & Kosmetik","False","https://img.rewe-static.de/0904762/14922880_digital-image.png"
"Tempo Taschentücher klassik 4-lagig, 15x10 Tücher","Tempo","7322540786514","2.35","NA","Drogerie & Kosmetik","False","https://img.rewe-static.de/4634985/27133815_digital-image.png"
"Today Haarkur Repair 200ml","Today","22065087","1.69","200ml","Drogerie & Kosmetik","False","https://img.rewe-static.de/7696885/39851843_digital-image.png"
"NIVEA Haarmilch Natürlicher Glanz Pflegeshampoo 250ml","NIVEA","4005900910226","2.99","250ml (1 l = 11,96 €)","Drogerie & Kosmetik","False","https://img.rewe-static.de/8176189/28598562_digital-image.png"
"NIVEA Pflegeshampoo Reparatur & gezielte Pflege 250ml","NIVEA","4005900917959","2.99","250ml (1 l = 11,96 €)","Drogerie & Kosmetik","False","https://img.rewe-static.de/7155632/29330104_digital-image.png"
"NIVEA Pflegespülung haarmilch 200ml","NIVEA","4005900910349","2.99","200ml (1 l = 14,95 €)","Drogerie & Kosmetik","False","https://img.rewe-static.de/8156293/29329401_digital-image.png"
"Dove Men+Care Deo Spray Clean Comfort Anti-Transpirant 150ml","Dove","8712561254595","2.25","150ml (1 l = 15 €)","Drogerie & Kosmetik","False","https://img.rewe-static.de/2103542/22156730_digital-image.png"
"REWE Beste Wahl Deluxe-Toilettenpapier 5-lagig 6x129 Blatt","REWE Beste Wahl","4337256080453","3.79","NA","Drogerie & Kosmetik","False","https://img.rewe-static.de/1387339/23849552_digital-image.png"
"Elmex Kinder-Zahnpasta Junior 6-12 Jahre","Elmex","4007965146008","3.99","75ml (1 l = 53,20 €)","Drogerie & Kosmetik","False","https://img.rewe-static.de/0108578/2423480_digital-image.png"
"o.b. Tampons Flexia Tag+Nacht Normal 56 Stück","o.b.","3574661577845","5.99","56 Stück","Drogerie & Kosmetik","False","https://img.rewe-static.de/3281129/28073627_digital-image.png"
"Schwarzkopf Taft Haarlack Ultra Halt 4 250ml","taft","4015100810448","3.25","250ml (1 l = 13 €)","Drogerie & Kosmetik","False","https://img.rewe-static.de/8545381/32629313_digital-image.png"
"Tempo Taschentücher Designedition 4-lagig, 42x10 Tücher","Tempo","7322540787047","4.99","NA","Drogerie & Kosmetik","False","https://img.rewe-static.de/1161237/26689570_digital-image.png"
"Colgate Zahnpasta Max Fresh Cooling Crystals 75ml","Colgate","8718951313224","1.79","75ml (1 l = 23,87 €)","Drogerie & Kosmetik","False","https://img.rewe-static.de/0168078/9541350_digital-image.png"
"Always Slipeinlagen Daily Protect Extra Long 40 Stück","Always","8006540689011","2.59","40 Stück","Drogerie & Kosmetik","True","https://img.rewe-static.de/7180885/28597288_digital-image.png"
"Always Slipeinlagen Daily Fresh Flexistyle Normal 54 Stück","Always","8006540689271","2.59","54 Stück","Drogerie & Kosmetik","True","https://img.rewe-static.de/8288103/30675262_digital-image.png"
"Today Waschlotion med 500ml","Today","21876806","1.25","500ml (1 l = 2,50 €)","Drogerie & Kosmetik","False","https://img.rewe-static.de/1297853/20155805_digital-image.png"
"Swiss-O-Par Frottee Trockenshampoo Spray 200ml","Swiss-o-Par","4104260045712","2.69","200ml (1 l = 13,45 €)","Drogerie & Kosmetik","False","https://img.rewe-static.de/2173891/10545000_digital-image.png"
"CD Deo Zerstäuber Wasserlilie 75ml","CD","4045612007555","2.89","75ml (1 l = 38,53 €)","Drogerie & Kosmetik","False","https://img.rewe-static.de/6240453/1417020_digital-image.png"
"Odol-med3 Zahncreme Whitening Plus 75ml","Odol-med3","5054563207111","1.99","75ml (1 l = 26,53 €)","Drogerie & Kosmetik","False","https://img.rewe-static.de/9063002/43188455_digital-image.png"
"natürlich ECO Recycling Taschentücher 100 Stück","Natürlich","4337256334204","1.39","100 Stück","Drogerie & Kosmetik","False","https://img.rewe-static.de/8749110/37825535_digital-image.png"
"Swiss-O-Par Haarkur Arganöl 25ml","Swiss-o-Par","42071389","0.65","25ml (1 l = 26 €)","Drogerie & Kosmetik","False","https://img.rewe-static.de/1949867/22070098_digital-image.png"
"Tempo Taschentücher Original Würfel 4-lagig 60 Tücher","Tempo","7322541409276","2.35","60 Stück","Drogerie & Kosmetik","False","https://img.rewe-static.de/8633831/40945929_digital-image.png"
"Bruno Banani made for men Hair&Body Shower 250ml","Bruno Banani","3616305448378","2.99","250ml (1 l = 11,96 €)","Drogerie & Kosmetik","False","https://img.rewe-static.de/8300566/29282718_digital-image.png"
"Elmex Kinder-Zahnpasta 2-6 Jahre 50ml","Elmex","8718951271234","3.49","50ml (1 l = 69,80 €)","Drogerie & Kosmetik","False","https://img.rewe-static.de/1309939/21529353_digital-image.png"
"Head & Shoulders Anti-Schuppen Shampoo Sensitive 300ml","Head & Shoulders","8001090895349","4.45","300ml (1 l = 14,83 €)","Drogerie & Kosmetik","False","https://img.rewe-static.de/2940895/25624166_digital-image.png"
"Always Slipeinlagen Daily Fresh Normal 56 Stück","Always","8006540689110","2.59","56 Stück","Drogerie & Kosmetik","True","https://img.rewe-static.de/7180161/42659124_digital-image.png"
"schauma Shampoo Grüner Apfel & Brennnessel 400ml","schauma","4015100718997","1.45","400ml (1 l = 3,63 €)","Drogerie & Kosmetik","False","https://img.rewe-static.de/3075863/27626985_digital-image.png"
"Schwarzkopf Gliss Express-Repair-Spülung Verführerisch Lang 200ml","Gliss","4015100813456","5.49","200ml (1 l = 27,45 €)","Drogerie & Kosmetik","False","https://img.rewe-static.de/7207978/31469048_digital-image.png"
"Duschdas 3-in-1 Duschgel & Shampoo Sport 225ml","Duschdas","8720181334597","1.29","225ml (1 l = 5,73 €)","Drogerie & Kosmetik","False","https://img.rewe-static.de/8911823/39134241_digital-image.png"
"schauma Shampoo Fresh it Up! 400ml","schauma","4015100717716","1.45","400ml (1 l = 3,63 €)","Drogerie & Kosmetik","False","https://img.rewe-static.de/2344389/23542327_digital-image.png"
"Today Slipeinlagen Extra Lang 26 Stück","Today","22031549","0.99","26 Stück","Drogerie & Kosmetik","False","https://img.rewe-static.de/8871584/39154431_digital-image.png"
"Dove Deo Spray Original Anti-Transpirant 150ml","Dove","8712561315975","2.25","150ml (1 l = 15 €)","Drogerie & Kosmetik","False","https://img.rewe-static.de/2103553/22072171_digital-image.png"
"NIVEA Men Duschgel Sensitive 3in1 250ml","NIVEA","4005900952387","1.75","250ml","Drogerie & Kosmetik","False","https://img.rewe-static.de/7798887/36084371_digital-image.png"
"Odol-med3 Zahncreme White&Shine 75ml","Odol-med3","5054563104144","2.49","75ml (1 l = 33,20 €)","Drogerie & Kosmetik","False","https://img.rewe-static.de/8646640/33010421_digital-image.png"
"schauma Shampoo Repair & Pflege 400ml","schauma","4015100718799","1.45","400ml (1 l = 3,63 €)","Drogerie & Kosmetik","False","https://img.rewe-static.de/2344735/23618948_digital-image.png"
"Garnier Wahre Schätze Shampoo Honig Schätze 250ml","Garnier","3600542461511","2.49","250ml (1 l = 9,96 €)","Drogerie & Kosmetik","False","https://img.rewe-static.de/2526707/24290770_digital-image.png"
"NIVEA Deospray Invisible for Black & White Antitranspirant 150ml","NIVEA","4005900843760","2.25","150ml (1 l = 15 €)","Drogerie & Kosmetik","False","https://img.rewe-static.de/2605687/24496506_digital-image.png"
"Schwarzkopf Taft Haarspray Volumen alle Haartypen Halt 3 250ml","taft","4015100810547","3.25","250ml (1 l = 13 €)","Drogerie & Kosmetik","False","https://img.rewe-static.de/8551604/32629199_digital-image.png"
"Neutrogena Handcreme sofort einziehend 75ml","Neutrogena","3574661687018","2.99","75ml (1 l = 39,87 €)","Drogerie & Kosmetik","False","https://img.rewe-static.de/3781666/30408489_digital-image.png"
"Batiste Trockenshampoo Blush 200ml","Batiste","5010724527375","3.79","200ml (1 l = 18,95 €)","Drogerie & Kosmetik","False","https://img.rewe-static.de/7229343/29390354_digital-image.png"
"NIVEA Soft Creme Dose 200ml","NIVEA","4005900964441","3.65","200ml (1 l = 18,25 €)","Drogerie & Kosmetik","False","https://img.rewe-static.de/2378033/23882270_digital-image.png"
"Head & Shoulders Anti-Schuppen Shampoo 300ml","Head & Shoulders","8001090894991","4.45","300ml (1 l = 14,83 €)","Drogerie & Kosmetik","False","https://img.rewe-static.de/2940750/26358799_digital-image.png"
"Yeauty Eye Pad Mask Deep Hydration 1 Paar","NA","4260199892473","0.99","2 Stück","Drogerie & Kosmetik","False","https://img.rewe-static.de/8042498/32436890_digital-image.png"
"Today Cremeseife Milch & Honig 500ml","Today","22400888","0.65","500ml (1 l = 1,30 €)","Drogerie & Kosmetik","False","https://img.rewe-static.de/7131502/27910889_digital-image.png"
"schauma Shampoo Seiden-Kamm 400ml","schauma","4015100719192","1.45","400ml (1 l = 3,63 €)","Drogerie & Kosmetik","False","https://img.rewe-static.de/2344741/23732650_digital-image.png"
"Schwarzkopf Taft Haarspray Volumen feines Haar Halt 4 250ml","taft","4015100810561","3.25","250ml (1 l = 13 €)","Drogerie & Kosmetik","False","https://img.rewe-static.de/7901540/32629320_digital-image.png"
"Signal Zahnpasta Junior Milde Minze 75ml","Signal","8720181501760","2.29","75ml (1 l = 30,53 €)","Drogerie & Kosmetik","False","https://img.rewe-static.de/9110795/45228585_digital-image.png"
"Florena Handcreme Intensive Pflege mit Olivenöl 100ml","Florena","4005900108142","1.29","100ml (1 l = 12,90 €)","Drogerie & Kosmetik","False","https://img.rewe-static.de/2261420/23001563_digital-image.png"
"meridol Zahnpasta Doppelpack 2x75ml","Meridol","7610108059508","7.99","2x75ml (1 l = 53,27 €)","Drogerie & Kosmetik","False","https://img.rewe-static.de/0195405/3736880_digital-image.png"
"Today Duschgel Lemongras 300ml","Today","21697524","0.55","300ml (1 l = 1,83 €)","Drogerie & Kosmetik","False","https://img.rewe-static.de/3203591/26837328_digital-image.png"
"schauma Shampoo Arganöl-Pflege 400ml","schauma","4015100719031","1.45","400ml (1 l = 3,63 €)","Drogerie & Kosmetik","False","https://img.rewe-static.de/3075873/29995282_digital-image.png"
"Bübchen Shampoo & Duschgel Sportsfreund 230ml","Bübchen","4065331001207","1.79","230ml (1 l = 7,78 €)","Drogerie & Kosmetik","False","https://img.rewe-static.de/8668498/34468936_digital-image.png"
"Today Dent Zahncreme Kräuter 125ml","Today","21994944","0.65","125ml (1 l = 5,20 €)","Drogerie & Kosmetik","False","https://img.rewe-static.de/2001546/22111694_digital-image.png"
"Today Augen Make-up Entferner Pads Mizellen 100 Stück","Today","20445003","1.89","100 Stück","Drogerie & Kosmetik","False","https://img.rewe-static.de/2717853/25570704_digital-image.png"
"Colgate Komplett Zahncreme Ultra Weiß 75ml","Colgate","8718951035430","1.39","75ml (1 l = 18,53 €)","Drogerie & Kosmetik","False","https://img.rewe-static.de/1306879/22220328_digital-image.png"
"Blend-a-med Zahnpasta Frisch 125ml","Blend-a-med","8006540947203","1.85","125ml (1 l = 14,80 €)","Drogerie & Kosmetik","False","https://img.rewe-static.de/3075938/28095321_digital-image.png"
"Schwarzkopf Taft Haarspray Classic Halt & Schutz Halt 3 250ml","taft","4015100810523","3.25","250ml (1 l = 13 €)","Drogerie & Kosmetik","False","https://img.rewe-static.de/8549403/32629260_digital-image.png"
"DocMorris Wundpflaster Classic 20x6cm","DocMorris","4042441012347","0.99","20x6cm (1 m = 0,83 €)","Drogerie & Kosmetik","False","https://img.rewe-static.de/8355567/30508151_digital-image.png"
"Tempo Taschentücher Mini Pack 9x5 Tücher","Tempo","7322540788006","1.39","9x5 Stück","Drogerie & Kosmetik","False","https://img.rewe-static.de/0703897/13684240_digital-image.png"
"Pantene Pro-V Haarshampoo Volumen Pur 300ml","Pantene Pro-V","8001090093998","3.45","300ml (1 l = 11,50 €)","Drogerie & Kosmetik","False","https://img.rewe-static.de/3201411/26154577_digital-image.png"
"Signal Zahnpasta Kids Fruchtgeschmack 75ml","Signal","8720181501456","2.29","75ml","Drogerie & Kosmetik","False","https://img.rewe-static.de/7571978/44010987_digital-image.png"
"Elmex Zahnpasta Kariesschutz Professional 75ml","Elmex","8718951453395","4.99","75ml (1 l = 66,53 €)","Drogerie & Kosmetik","False","https://img.rewe-static.de/2593968/24510894_digital-image.png"
"Signal Kids Zahnbürste 1 Stück","Signal","8720181502835","2.29","1 Stück","Drogerie & Kosmetik","False","https://img.rewe-static.de/3556379/31237130_digital-image.png"
"Fa Deospray Oriental Moments 150ml","Fa","4015100429121","1.69","150ml (1 l = 11,27 €)","Drogerie & Kosmetik","False","https://img.rewe-static.de/7925806/35720729_digital-image.png"
"Today Bio-Wattestäbchen mit Papierschaft 300 Stück","Today","22285867","0.7","300 Stück","Drogerie & Kosmetik","False","https://img.rewe-static.de/8213599/41923341_digital-image.png"
"Today Duschgel Mein Spa Gefühl Blumig, Fruchtiger Duft 200ml","Today","25847000","1.29","200ml (1 l = 6,45 €)","Drogerie & Kosmetik","False","https://img.rewe-static.de/7701851/40080907_digital-image.png"
"Today Mein Spa Gefühl Frischer Duft 200ml","Today","25891782","1.29","200ml (1 l = 6,45 €)","Drogerie & Kosmetik","False","https://img.rewe-static.de/8901557/40080935_digital-image.png"
"Bebe Young Care Intensivpflege 50ml","Bebe","3574661690520","4.29","50ml (1 l = 85,80 €)","Drogerie & Kosmetik","False","https://img.rewe-static.de/2241018/22897165_digital-image.png"
"Hakle Feucht Ultra Sensitiv 42 Stück","Hakle","4260344220502","1.59","42 Stück","Drogerie & Kosmetik","False","https://img.rewe-static.de/2783234/25652036_digital-image.png"
"Tempo Taschentücher Natural & Soft Box 4-lagig 90 Tücher","Tempo","7322541409337","2.35","90 Stück","Drogerie & Kosmetik","False","https://img.rewe-static.de/8634927/34183180_digital-image.png"
"Axe Deospray Alaska 150ml","Axe","8710522368541","3.95","150ml (1 l = 26,33 €)","Drogerie & Kosmetik","False","https://img.rewe-static.de/2146279/29268586_digital-image.png"
"L'Oréal Men Expert Duschgel Hydra Energy 250ml","L'Oréal Paris","3600524036621","1.89","250ml (1 l = 7,56 €)","Drogerie & Kosmetik","False","https://img.rewe-static.de/7735508/37261980_digital-image.png"
"Hakle feuchtes Toilettenpapier Kamille & Aloe Vera 42 Stück","Hakle","4260344220496","1.59","42 Stück","Drogerie & Kosmetik","False","https://img.rewe-static.de/2783225/25500651_digital-image.png"
"Schwarzkopf got2b Styling-Gel Kleber 150ml","Schwarzkopf","4015100800500","4.99","150ml (1 l = 33,27 €)","Drogerie & Kosmetik","False","https://img.rewe-static.de/7040903/692150_digital-image.png"
"Axe Deospray Black ohne Aluminium 150ml","Axe","8710447484265","3.95","150ml (1 l = 26,33 €)","Drogerie & Kosmetik","False","https://img.rewe-static.de/2307940/43216095_digital-image.png"
"Bruno Banani Deospray Man 150ml","Bruno Banani","3616302035397","3.29","150ml (1 l = 21,93 €)","Drogerie & Kosmetik","False","https://img.rewe-static.de/2427930/32771182_digital-image.png"
"Bübchen Shampoo & Duschgel Pikachu 230ml","Bübchen","4065331002792","1.79","230ml (1 l = 7,78 €)","Drogerie & Kosmetik","False","https://img.rewe-static.de/8796363/37347292_digital-image.png"
"Today Shampoo Repair 300ml","Today","21839283","0.85","300ml (1 l = 2,83 €)","Drogerie & Kosmetik","False","https://img.rewe-static.de/8833229/42716438_digital-image.png"
"Today Wellnessbad Sinnliche Auszeit 500ml","Today","28615460","2.29","500ml (1 l = 4,58 €)","Drogerie & Kosmetik","False","https://img.rewe-static.de/7995030/31099741_digital-image.png"
"Tempo Taschentücher sanft & sensitiv Aloe Vera und Kamille 4-lagig, 12x9 Tücher","Tempo","7322540786750","2.35","NA","Drogerie & Kosmetik","False","https://img.rewe-static.de/4620461/22443730_digital-image.png"
"schauma Spülung 7 Blüten-Öl 250ml","schauma","4015100718232","1.45","250ml (1 l = 5,80 €)","Drogerie & Kosmetik","False","https://img.rewe-static.de/2765025/27047763_digital-image.png"
"Tena Men Einlagen Level 2 10 Stück","Tena","7322541497426","4.99","10 Stück","Drogerie & Kosmetik","False","https://img.rewe-static.de/0960338/10076880_digital-image.png"
"Q-Tips Pflegestäbchen 206 Stück","Q-tips","4000576027308","1.59","206 Stück","Drogerie & Kosmetik","False","https://img.rewe-static.de/8311473/29442662_digital-image.png"
"Tempo Taschentücher Natural & Soft 4-lagig, 12x9 Tücher","Tempo","7322541205670","2.35","12x9 Stück","Drogerie & Kosmetik","False","https://img.rewe-static.de/8412744/30922920_digital-image.png"
"Schwarzkopf Taft Schaumfestiger Volumen Halt 4 150ml","taft","4015100810080","3.25","150ml (1 l = 21,67 €)","Drogerie & Kosmetik","False","https://img.rewe-static.de/8547148/32629632_digital-image.png"
"Schwarzkopf taft Volumen Haarspray Halt 5 250ml","taft","4015100810585","3.25","250ml (1 l = 13 €)","Drogerie & Kosmetik","False","https://img.rewe-static.de/7926933/37881133_digital-image.png"
"Carefree Slipeinlagen Plus large Frischeduft 48 Stück","Carefree","3574661661995","2.95","48 Stück","Drogerie & Kosmetik","False","https://img.rewe-static.de/8759859/36613481_digital-image.png"
"Tempo mit Magnolienduft Melodie der Sinne 90 Tücher","Tempo","7322541409511","2.35","90 Stück","Drogerie & Kosmetik","False","https://img.rewe-static.de/7844701/35288643_digital-image.png"
"natürlich ECO Recycling Taschentücher 15x10 Stück","Natürlich","4337256522434","1.39","15x10 Stück","Drogerie & Kosmetik","False","https://img.rewe-static.de/7738251/38370272_digital-image.png"
"Listerine Mundspülung Cool Mint mild 500ml","Listerine","3574661731100","3.99","500ml (1 l = 7,98 €)","Drogerie & Kosmetik","False","https://img.rewe-static.de/8934529/39509745_digital-image.png"
"Duschdas Duschgel Magnolie 225ml","Duschdas","8720181334030","1.29","225ml (1 l = 5,73 €)","Drogerie & Kosmetik","False","https://img.rewe-static.de/8907325/38937658_digital-image.png"
"Today Men Rasiergel Sensitiv 200ml","Today","21805004","1.35","200ml (1 l = 6,75 €)","Drogerie & Kosmetik","False","https://img.rewe-static.de/3218803/26711738_digital-image.png"
"Rewe Beste Wahl Feuchtes Toilettenpapier Sensitiv 50 Stück","REWE Beste Wahl","4388860462968","1.29","50 Stück","Drogerie & Kosmetik","False","https://img.rewe-static.de/8022066/31025827_digital-image.png"
"NIVEA Deo Roll-On Dry Comfort Plus Antitranspirant 50ml","NIVEA","42419365","2.25","50ml (1 l = 45 €)","Drogerie & Kosmetik","False","https://img.rewe-static.de/2605993/24496546_digital-image.png"
"schauma Shampoo For Men 400ml","schauma","4015100718034","1.45","400ml (1 l = 3,63 €)","Drogerie & Kosmetik","False","https://img.rewe-static.de/2344381/23413381_digital-image.png"
"Today dent Interdentalbürsten ISO Gr.2 8 Stück","Today","21669736","1.79","8 Stück","Drogerie & Kosmetik","False","https://img.rewe-static.de/8779181/38674306_digital-image.png"
"Palmolive Flüssigseife Aquarium 300ml","Palmolive","8003520013040","1.69","300ml (1 l = 5,63 €)","Drogerie & Kosmetik","False","https://img.rewe-static.de/2629976/33155248_digital-image.png"
"Duschdas Duschgel For Men 225ml","Duschdas","8720181334580","1.29","225ml (1 l = 5,73 €)","Drogerie & Kosmetik","False","https://img.rewe-static.de/8992520/39134358_digital-image.png"
"Dove Men+Care Duschgel Clean Comfort XXL 400ml","Dove","8720181302053","3.49","400ml (1 l = 8,73 €)","Drogerie & Kosmetik","False","https://img.rewe-static.de/2462585/40536206_digital-image.png"
"Sagrotan No-Touch Seife Nachfüller Cashmere und Rose 250ml","Sagrotan","4002448100027","3.29","250ml (1 l = 13,16 €)","Drogerie & Kosmetik","False","https://img.rewe-static.de/2850220/25820847_digital-image.png"
"Palmolive Rasierschaum Men Classic 300ml","Palmolive","8714789849164","2.49","300ml (1 l = 8,30 €)","Drogerie & Kosmetik","False","https://img.rewe-static.de/1933882/21454521_digital-image.png"
"Bübchen 3 in 1 Shampoo & Duschgel + Spülung Meereszauber 230ml","Bübchen","4065331001085","1.79","230ml (1 l = 7,78 €)","Drogerie & Kosmetik","False","https://img.rewe-static.de/8668294/34468934_digital-image.png"
"Palmolive Duschgel Sunset Relax Lavendel-Duft 250ml","Palmolive","8718951076181","1.29","250ml (1 l = 5,16 €)","Drogerie & Kosmetik","False","https://img.rewe-static.de/2759253/25991377_digital-image.png"
"Odol-med3 Zahncreme Minzfrisch 125ml","Odol-med3","5054563191519","1.95","125ml (1 l = 15,60 €)","Drogerie & Kosmetik","False","https://img.rewe-static.de/2256833/23154204_digital-image.png"
"Regina Kamillenpapier 3-lagig 8x150 Blatt","Regina","8004260414494","3.99","8x150 Stück","Drogerie & Kosmetik","False","https://img.rewe-static.de/5569672/1369860_digital-image.png"
"Natürlich ECO Kosmetiktücher 3-lagig 160 Stück","Natürlich","4337256530729","1.49","160 Stück","Drogerie & Kosmetik","False","https://img.rewe-static.de/8849193/38370747_digital-image.png"
"Head & Shoulders Anti-Schuppen Shampoo 2in1 Apple Fresh 250ml","Head & Shoulders","8001090892584","4.45","250ml (1 l = 17,80 €)","Drogerie & Kosmetik","False","https://img.rewe-static.de/8105301/29004709_digital-image.png"
"Garnier Wahre Schätze Spülung Honig Schätze 200ml","Garnier","3600542461481","2.49","200ml (1 l = 12,45 €)","Drogerie & Kosmetik","False","https://img.rewe-static.de/2528248/25529807_digital-image.png"
"Garnier Mizellen Gesichtswasser All in 1 400ml","Garnier","3600541744554","3.59","400ml (1 l = 8,98 €)","Drogerie & Kosmetik","False","https://img.rewe-static.de/2769877/25090504_digital-image.png"
"Schwarzkopf got2b Mattpaste Strandmatte 100ml","Schwarzkopf","4015100800401","4.99","100ml (1 l = 49,90 €)","Drogerie & Kosmetik","False","https://img.rewe-static.de/7040458/2645680_digital-image.png"
"Today dent Zahnbürste Sensitiv 1 Stück","Today","26171104","0.99","1 Stück","Drogerie & Kosmetik","False","https://img.rewe-static.de/1990054/22249204_digital-image.png"
"Garnier Wahre Schätze Shampoo Tonerde & Zitrone 250ml","Garnier","3600542460231","2.49","250ml (1 l = 9,96 €)","Drogerie & Kosmetik","False","https://img.rewe-static.de/2527036/25655086_digital-image.png"
"Today Haarspray Professional Volumen extra stark 250ml","Today","28271970","1.49","250ml (1 l = 5,96 €)","Drogerie & Kosmetik","False","https://img.rewe-static.de/2299888/24004644_digital-image.png"
"Tempo Taschentücher Light Box 3-lagig 70 Tücher","Tempo","7322541412078","1.15","70 Stück","Drogerie & Kosmetik","False","https://img.rewe-static.de/8634072/39510064_digital-image.png"
"DocMorris Pflasterstrips 30 Stück","DocMorris","4042441012408","0.99","30 Stück","Drogerie & Kosmetik","False","https://img.rewe-static.de/2821309/25685777_digital-image.png"
"Today dent Zahnbürste Whitening medium mit Zungenreiniger 1 Stück","Today","26172330","0.79","1 Stück","Drogerie & Kosmetik","False","https://img.rewe-static.de/1989721/22235751_digital-image.png"
"o.b. Tampons Original Super Plus 32 Stück","o.b.","3574661587110","3.99","32 Stück","Drogerie & Kosmetik","False","https://img.rewe-static.de/4891872/7448550_digital-image.png"
"Adidas Men Duschgel Ice Dive 3in1 250ml","Adidas","3616303458959","2.39","250ml (1 l = 9,56 €)","Drogerie & Kosmetik","False","https://img.rewe-static.de/1397056/20389834_digital-image.png"
"Garnier Fructis Haarkur Schadenlöscher Veganes Kreatin Leave-In 150ml","Garnier","3600542552981","5.99","150ml","Drogerie & Kosmetik","False","https://img.rewe-static.de/9005406/43525821_digital-image.png"
"Always Ultra Damenbinden Secure Night Extra mit Flügeln Gr.5 16 Stück","Always","8006540732700","3.95","16 Stück","Drogerie & Kosmetik","False","https://img.rewe-static.de/8607322/38052839_digital-image.png"
"Blend-a-med Zahnpasta 3D White Vitalizing fresh 75ml","Blend-a-med","8006540811337","1.99","75ml (1 l = 26,53 €)","Drogerie & Kosmetik","False","https://img.rewe-static.de/3075897/26329934_digital-image.png"
"Doc Morris Pflasterstrips Wasserdicht Transparent 20 Stück","DocMorris","4042441012378","0.99","30 Stück","Drogerie & Kosmetik","False","https://img.rewe-static.de/8357289/31221782_digital-image.png"
"Bübchen Kinder Shampoo Sensitiv 400ml","Bübchen","4065331000064","2.99","400ml (1 l = 7,48 €)","Drogerie & Kosmetik","False","https://img.rewe-static.de/2227357/22803956_digital-image.png"
"DocMorris Kinderpflaster Aqua 20 Stück","DocMorris","4042441012415","0.99","20 Stück","Drogerie & Kosmetik","False","https://img.rewe-static.de/8106821/29409288_digital-image.png"
"Head & Shoulders Anti-Schuppen Shampoo Men 300ml","Head & Shoulders","8001090894878","4.45","300ml (1 l = 14,83 €)","Drogerie & Kosmetik","False","https://img.rewe-static.de/2952302/25508626_digital-image.png"
"Head & Shoulders Anti-Schuppen Shampoo Apple Fresh 300ml","Head & Shoulders","8001090891334","4.45","300ml (1 l = 14,83 €)","Drogerie & Kosmetik","False","https://img.rewe-static.de/2952284/25508620_digital-image.png"
"Hidrofugal Deo Roll-On Classic 50ml","Hidrofugal","42449683","3.79","50ml (1 l = 75,80 €)","Drogerie & Kosmetik","False","https://img.rewe-static.de/2774301/24982893_digital-image.png"
"Today dent Zahnbürste Interdental medium 2 Stück","Today","4388844091122","0.65","2 Stück","Drogerie & Kosmetik","False","https://img.rewe-static.de/1989694/22110920_digital-image.png"
"Blend-a-med Zahnpasta frisch 75ml","Blend-a-med","8006540947050","1.19","75ml (1 l = 15,87 €)","Drogerie & Kosmetik","False","https://img.rewe-static.de/3075946/26168943_digital-image.png"
"Inkee Badebombe Dinorex 1 Stück","NA","4059779035597","3.99","1 Stück","Drogerie & Kosmetik","False","https://img.rewe-static.de/8787217/40116391_digital-image.png"
"Hidrofugal Deospray Classic 150ml","Hidrofugal","4006000088747","3.79","150ml (1 l = 25,27 €)","Drogerie & Kosmetik","False","https://img.rewe-static.de/2774287/25991376_digital-image.png"
"Inkee Unicorn Badekugel + Überraschung 1 Stück","NA","4059779018378","3.99","1 Stück","Drogerie & Kosmetik","False","https://img.rewe-static.de/8546634/40116482_digital-image.png"
"Gillette Venus Rasierer Comfortglide Spa Breeze","Gillette","8001090588975","9.99","1 Stück","Drogerie & Kosmetik","False","https://img.rewe-static.de/7185564/29117773_digital-image.png"
"Gillette Fusion 5 Rasierer + 1 Klinge","Gillette","8001090420831","9.99","1 Stück","Drogerie & Kosmetik","False","https://img.rewe-static.de/7184518/29670993_digital-image.png"
"Zewa Ultra Senses Toilettenpapier Mandelblüte 4-lagig 8x135 Blatt","Zewa","7322541748917","3.99","8x135 Stück","Drogerie & Kosmetik","True","https://img.rewe-static.de/8783423/36543825_digital-image.png"
"Pantene Pro-V Haarshampoo 3in1 Repair&Care 250ml","Pantene Pro-V","8001090577214","3.45","250ml (1 l = 13,80 €)","Drogerie & Kosmetik","False","https://img.rewe-static.de/7219330/28598510_digital-image.png"
"Zewa Bewährt Toilettenpapier Kamille 3-lagig 8x150 Blatt","Zewa","7322541443300","3.99","8x150 Stück","Drogerie & Kosmetik","False","https://img.rewe-static.de/8670253/36927962_digital-image.png"
"Today Pflegende Reinigungstücher sensitiv 25 Tücher","Today","28413745","0.95","25 Stück","Drogerie & Kosmetik","False","https://img.rewe-static.de/1918772/21674081_digital-image.png"
"Kleenex Taschentücher Balsam Pocket-Pack 12x9 Stück","Kleenex","5029053001142","1.79","12x9 Stück","Drogerie & Kosmetik","False","https://img.rewe-static.de/1472976/2503540_digital-image.png"
"schauma Shampoo Anti-Schuppen Classic 400ml","schauma","4015100717754","1.45","400ml (1 l = 3,63 €)","Drogerie & Kosmetik","False","https://img.rewe-static.de/2344138/23541946_digital-image.png"
"NIVEA Deospray Fresh Flower ohne Aluminium 150ml","NIVEA","4005900843456","2.25","150ml (1 l = 15 €)","Drogerie & Kosmetik","False","https://img.rewe-static.de/2605636/24497350_digital-image.png"
"Listerine Mundspülung Total Care Zahn-Schutz 500ml","Listerine","3574661731001","4.99","500ml (1 l = 9,98 €)","Drogerie & Kosmetik","False","https://img.rewe-static.de/7684853/39386191_digital-image.png"
"NIVEA Men Duschgel Protect & Care 250ml","NIVEA","4005900952424","1.75","250ml (1 l = 7 €)","Drogerie & Kosmetik","False","https://img.rewe-static.de/7799294/36085683_digital-image.png"
"Garnier Fructis Schadenlöscher Spülung 200ml","Garnier","3600541980075","1.89","200ml (1 l = 9,45 €)","Drogerie & Kosmetik","True","https://img.rewe-static.de/3229803/26358580_digital-image.png"
"Garnier Fructis Spülung Oil Repair 200ml","Garnier","3600541980273","1.89","200ml (1 l = 9,45 €)","Drogerie & Kosmetik","True","https://img.rewe-static.de/3229770/26308529_digital-image.png"
"Sagrotan Handseife Brombeere und Waldfrüchte Seifenspender 250ml","Sagrotan","4002448112501","2.25","250ml (1 l = 9 €)","Drogerie & Kosmetik","False","https://img.rewe-static.de/3274183/26500704_digital-image.png"
"NIVEA Deospray Dry Active Antitranspirant 150ml","NIVEA","4005900844095","2.25","150ml (1 l = 15 €)","Drogerie & Kosmetik","False","https://img.rewe-static.de/7277816/28526657_digital-image.png"
"Old Spice Deostick Captain 50ml","Old Spice","8001841923840","2.69","50ml (1 l = 53,80 €)","Drogerie & Kosmetik","False","https://img.rewe-static.de/8279202/29117326_digital-image.png"
"Oral-B Zahnpasta Zahnschmelz & Zahnfleisch extra frisch 75ml","Oral-B","8006540006276","2.99","75ml (1 l = 39,87 €)","Drogerie & Kosmetik","False","https://img.rewe-static.de/8154721/28524505_digital-image.png"
"Axe Duschgel Magnum Gold Caramel Billionaire 250ml","Axe","8720181208096","2.59","250ml (1 l = 10,36 €)","Drogerie & Kosmetik","False","https://img.rewe-static.de/8759089/36335622_digital-image.png"
"Dr. Best Zahnbürste Hoch-Tief Mittel 2+1 Stück","Dr. Best","5054563924872","3.89","3 Stück","Drogerie & Kosmetik","False","https://img.rewe-static.de/7872619/33755514_digital-image.png"
"Garnier Wahre Schätze Spülung Kokosmilch 200ml","Garnier","3600542462327","2.49","200ml (1 l = 12,45 €)","Drogerie & Kosmetik","False","https://img.rewe-static.de/7084228/26925582_digital-image.png"
"Fa Deospray Glamorous Moments 150ml","Fa","4015100429084","1.69","150ml (1 l = 11,27 €)","Drogerie & Kosmetik","False","https://img.rewe-static.de/7923514/32824757_digital-image.png"
"Fa Deospray Luxurious Moments 150ml","Fa","4015100429060","1.69","150ml (1 l = 11,27 €)","Drogerie & Kosmetik","False","https://img.rewe-static.de/7926436/33207155_digital-image.png"
"Axe Deospray Magnum Gold Caramel Billionaire 150ml","Axe","8720181205378","3.95","150ml (1 l = 26,33 €)","Drogerie & Kosmetik","False","https://img.rewe-static.de/8763746/36335705_digital-image.png"
"L'Oréal Paris Elvital Shampoo Color Glanz 300ml","L'Oréal Paris","3600523289806","4.49","300ml (1 l = 14,97 €)","Drogerie & Kosmetik","False","https://img.rewe-static.de/2789935/25113040_digital-image.png"
"L'Oréal Paris Elvital Shampoo Anti-Haarbruch 300ml","L'Oréal Paris","3600523289844","4.49","300ml (1 l = 14,97 €)","Drogerie & Kosmetik","False","https://img.rewe-static.de/2789939/25117172_digital-image.png"
"Carefree Slipeinlagen Plus Large 48 Stück","Carefree","3574661661988","2.95","48 Stück","Drogerie & Kosmetik","False","https://img.rewe-static.de/8759751/36637207_digital-image.png"
"NIVEA Men Deo-Stick Fresh Active ohne Aluminium 40ml","NIVEA","42428893","2.69","50ml (1 l = 53,80 €)","Drogerie & Kosmetik","False","https://img.rewe-static.de/1459292/22978905_digital-image.png"
"Swiss-O-Par Shampoo Silver 250ml","Swiss-o-Par","4104260074804","2.49","250ml (1 l = 9,96 €)","Drogerie & Kosmetik","False","https://img.rewe-static.de/1313527/23231831_digital-image.png"
"Dr. Best Zahnbürste Professional Perfect Fresh mittel","Dr. Best","5054563924537","2.99","1 Stück","Drogerie & Kosmetik","False","https://img.rewe-static.de/0463949/21023072_digital-image.png"
"Hakle Klassisch Weiß Toilettenpapier 3-lagig 8x150 Blatt","Hakle","4260344220076","3.79","NA","Drogerie & Kosmetik","False","https://img.rewe-static.de/1214080/1149440_digital-image.png"
"Frosch Senses Sensitivseife Panthenol 500ml","Frosch","4001499967429","2.49","500ml (1 l = 4,98 €)","Drogerie & Kosmetik","False","https://img.rewe-static.de/1258185/27393440_digital-image.png"
"Today Slipeinlagen Normal","Today","22033444","0.99","45 Stück","Drogerie & Kosmetik","False","https://img.rewe-static.de/7720776/39163088_digital-image.png"
"Frosch Senses Cremeseife Granatapfel 500ml","Frosch","4001499967412","2.49","500ml (1 l = 4,98 €)","Drogerie & Kosmetik","False","https://img.rewe-static.de/1019372/22168372_digital-image.png"
"Elmex Zahnpasta Kariesschutz 75ml","Elmex","4007965015007","3.99","75ml (1 l = 53,20 €)","Drogerie & Kosmetik","False","https://img.rewe-static.de/4086457/1304450_digital-image.png"
"Always Discreet Einlagen bei Blasenschwäche Long 10 Stück","Always","8700216179294","2.99","10 Stück","Drogerie & Kosmetik","True","https://img.rewe-static.de/2876242/39673358_digital-image.png"
"Cottonelle Feuchttücher Sensitiv Pflegend Parfümfrei & Exra Sanft 84 Stück","Cottonelle","5029053583976","2.99","84 Stück","Drogerie & Kosmetik","False","https://img.rewe-static.de/9953541/45102798_digital-image.png"
"meridol Mundspülung Zahnfleischschutz antibakteriell 400ml","Meridol","7610108059416","5.99","400ml (1 l = 14,98 €)","Drogerie & Kosmetik","False","https://img.rewe-static.de/7199210/20919680_digital-image.png"
"Garnier Fructis Shampoo Kraft&Glanz 250ml","Garnier","3600541979833","1.89","250ml (1 l = 7,56 €)","Drogerie & Kosmetik","True","https://img.rewe-static.de/3184140/26989296_digital-image.png"
"Today Discreet Hygiene Einlagen Extra Plus 20 Stück","Today","25974522","3.95","20 Stück","Drogerie & Kosmetik","False","https://img.rewe-static.de/7696746/43788214_digital-image.png"
"Today Einmalwaschlappen Sensitiv 50 Stück","Today","4337256790871","2.25","50 Stück","Drogerie & Kosmetik","False","https://img.rewe-static.de/8089958/30180634_digital-image.png"
"Sensodyne Zahncreme ProSchmelz 75ml","Sensodyne","5054563209238","3.95","75ml (1 l = 52,67 €)","Drogerie & Kosmetik","False","https://img.rewe-static.de/7997312/31884370_digital-image.png"
"Dove Body Lotion Intensiv 400ml","Dove","8720181085659","4.49","400ml (1 l = 11,23 €)","Drogerie & Kosmetik","False","https://img.rewe-static.de/1913975/27672767_digital-image.png"
"Today Binden Ultra Lang mit Flügeln 28 Stück","Today","26149035","1.99","28 Stück","Drogerie & Kosmetik","False","https://img.rewe-static.de/9201520/45490942_digital-image.png"
"Oral-B Essential Floss Zahnseide Minze gewachst 50m","Oral-B","8006540491737","1.99","50m (1 m  = 0,04 €)","Drogerie & Kosmetik","False","https://img.rewe-static.de/2402882/35393862_digital-image.png"
"Always Discreet Einlagen bei Blasenschwäche Normal 12 Stück","Always","8700216179386","2.99","12 Stück","Drogerie & Kosmetik","True","https://img.rewe-static.de/2876234/42243143_digital-image.png"
"Babytime Sicherheits- wattestäbchen","Babytime","25890570","0.75","72 Stück","Drogerie & Kosmetik","False","https://img.rewe-static.de/8903862/39448656_digital-image.png"
"Always Ultra Damenbinden Day & Night mit Flügeln 20 Stück","Always","8006540732502","3.95","20 Stück","Drogerie & Kosmetik","False","https://img.rewe-static.de/8602181/33894693_digital-image.png"
"Today Binden Ultra Nacht 24 Stück","Today","26144672","1.99","24 Stück","Drogerie & Kosmetik","False","https://img.rewe-static.de/9097723/45170476_digital-image.png"
"NIVEA Reichhaltige Tagespflege für trockene und sensible Haut 50ml","NIVEA","4005900935540","3.79","50ml (1 l = 75,80 €)","Drogerie & Kosmetik","True","https://img.rewe-static.de/0347216/24885286_digital-image.png"
"Tempo Taschentücher soft & sensitive Aloe Vera und Mandelöl Balsam 4-lagig, 36x9 Tücher","Tempo","7322540786606","4.99","NA","Drogerie & Kosmetik","False","https://img.rewe-static.de/4620623/6968340_digital-image.png"
"Tena Discreet Nacht Einlagen Maxi Night 6 Stück","Tena","7322541091174","3.75","6 Stück","Drogerie & Kosmetik","False","https://img.rewe-static.de/8330386/41396214_digital-image.png"
"NIVEA Reichhaltige Body Milk Body Lotion 400ml","NIVEA","4006000083315","4.45","400ml (1 l = 11,13 €)","Drogerie & Kosmetik","False","https://img.rewe-static.de/1460386/29991019_digital-image.png"
"Kamill Hand & Nagel Creme Balsam 100ml","Kamill","4000196031099","1.39","100ml (1 l = 13,90 €)","Drogerie & Kosmetik","False","https://img.rewe-static.de/0865050/23182632_digital-image.png"
"Dr. Best Classic Original weich 1 Stück","Dr. Best","5054563925145","1.39","1 Stück","Drogerie & Kosmetik","False","https://img.rewe-static.de/8632695/35284573_digital-image.png"
"Parodontax Fluorid Zahncreme 75ml","Parodontax","5054563949516","4.45","75ml (1 l = 59,33 €)","Drogerie & Kosmetik","False","https://img.rewe-static.de/0710515/25040515_digital-image.png"
"Herbacin Latschenkiefer Wellness-Bad 1l","Herbacin","4013718065014","3.29","1000ml","Drogerie & Kosmetik","False","https://img.rewe-static.de/9725415/1742460_digital-image.png"
"NIVEA Men Deospray Dry Impact Antitranspirant 150ml","NIVEA","4006000049069","2.25","150ml (1 l = 15 €)","Drogerie & Kosmetik","False","https://img.rewe-static.de/2605553/24486469_digital-image.png"
"Gillette Rasiergel empfindliche Haut 200ml","Gillette","7702018621255","2.75","200ml (1 l = 13,75 €)","Drogerie & Kosmetik","False","https://img.rewe-static.de/4826574/1484660_digital-image.png"
"Gillette Basis Rasierschaum empfindliche Haut 200ml","Gillette","7702018621293","1.99","200ml (1 l = 9,95 €)","Drogerie & Kosmetik","False","https://img.rewe-static.de/4873653/23185026_digital-image.png"
"NIVEA Men Deospray Invisible Black and White Antitranspirant 150ml","NIVEA","4005900843807","2.25","150ml (1 l = 15 €)","Drogerie & Kosmetik","False","https://img.rewe-static.de/2605557/24496144_digital-image.png"
"Today dent Zahnbürste X-Profil medium 2 Stück","Today","26145822","1.45","2 Stück","Drogerie & Kosmetik","False","https://img.rewe-static.de/1989710/22110923_digital-image.png"
"Hansaplast Sensitive 1mx6cm","Hansaplast","4005800279119","2.49","1m (1 m = 2,49 €)","Drogerie & Kosmetik","False","https://img.rewe-static.de/8581212/33052906_digital-image.png"
"o.b. Tampons Original Normal 64 Stück","o.b.","3574661567310","3.99","64 Stück","Drogerie & Kosmetik","False","https://img.rewe-static.de/2134072/26599561_digital-image.png"
"Sensodyne Zahncreme MultiCare Original 75ml","Sensodyne","5054563186188","3.99","75ml (1 l = 53,20 €)","Drogerie & Kosmetik","False","https://img.rewe-static.de/1199495/23827002_digital-image.png"
"Labello Lippenpflege Stift Original 4,8g","Labello","4005900967565","2.25","1 Stück","Drogerie & Kosmetik","False","https://img.rewe-static.de/0709326/7446010_digital-image.png"
"Today Discreet Hygiene Pants Super Plus L/XL 10 Stück","Today","4337256608022","6.99","10 Stück","Drogerie & Kosmetik","False","https://img.rewe-static.de/7698772/43731258_digital-image.png"
"Today dent Zahnbürste X-Profil soft 2 Stück","Today","28313984","1.45","2 Stück","Drogerie & Kosmetik","False","https://img.rewe-static.de/1989714/22111719_digital-image.png"
"Aronal & Elmex Zahnpasta Doppel-Schutz 2x75ml","Aronal & Elmex","8718951032644","6.99","2x75ml (1 l = 46,60 €)","Drogerie & Kosmetik","False","https://img.rewe-static.de/1309942/19314120_digital-image.png"
"Tena Discreet Maxi 6 Einlagen","Tena","7322541068039","3.75","6 Stück","Drogerie & Kosmetik","False","https://img.rewe-static.de/8327936/41396500_digital-image.png"
"Hansaplast Classic 2mx6cm","Hansaplast","4005800278563","2.99","2m (1 m  = 1,50 €)","Drogerie & Kosmetik","False","https://img.rewe-static.de/8581456/33053090_digital-image.png"
"NIVEA Deo Roll-On Fresh Pure ohne Aluminium 50ml","NIVEA","42419389","2.25","50ml (1 l = 45 €)","Drogerie & Kosmetik","False","https://img.rewe-static.de/2606475/30003850_digital-image.png"
"meridol Zahnbürste Zahnfleisch Sanft","Meridol","4007965112102","3.49","1 Stück","Drogerie & Kosmetik","False","https://img.rewe-static.de/7658770/7445670_digital-image.png"
"Lacalut Aktiv Zahncreme 100ml","LACALUT","4016369461334","3.39","100ml (1 l = 33,90 €)","Drogerie & Kosmetik","False","https://img.rewe-static.de/2050843/29354437_digital-image.png"
"Hidrofugal Deospray Duschfrische 150ml","Hidrofugal","4006000088822","3.79","150ml (1 l = 25,27 €)","Drogerie & Kosmetik","False","https://img.rewe-static.de/2774324/26019269_digital-image.png"
"NIVEA Creme Dose 150ml","NIVEA","4005900917133","2.69","150ml (1 l = 17,93 €)","Drogerie & Kosmetik","False","https://img.rewe-static.de/2394623/23629757_digital-image.png"
"Today Tampons Super 56 Stück","Today","22029775","2.75","56 Stück","Drogerie & Kosmetik","False","https://img.rewe-static.de/8870765/38819902_digital-image.png"
"Pantene Pro-V Repair & Care Intensiv-Maske 300ml","Pantene Pro-V","5410076529674","3.99","300ml (1 l = 13,30 €)","Drogerie & Kosmetik","False","https://img.rewe-static.de/7129526/28598588_digital-image.png"
"o.b. Tampons ProComfort Super Plus 32 Stück","o.b.","3574661587134","4.95","32 Stück","Drogerie & Kosmetik","False","https://img.rewe-static.de/0194208/23273408_digital-image.png"
"Dove Pflegendes Cremebad Reichhaltige Pflege 750ml","Dove","8717163429884","4.49","750ml (1 l = 5,99 €)","Drogerie & Kosmetik","False","https://img.rewe-static.de/0769385/23188501_digital-image.png"
"Syoss Haarspray Max Hold mega starker Halt 400ml","Syoss","4015100190199","4.99","400ml (1 l = 12,48 €)","Drogerie & Kosmetik","False","https://img.rewe-static.de/3074562/26087720_digital-image.png"
"Always Discreet Einlagen bei Blasenschwäche Ultimate Nacht 8 Stück","Always","8700216179041","2.99","8 Stück","Drogerie & Kosmetik","True","https://img.rewe-static.de/8687539/42255715_digital-image.png"
"Blend-a-dent Super-Haftcreme extra stark 70g","Blend-a-dent","8006540315033","4.99","70g (1 kg = 71,29 €)","Drogerie & Kosmetik","False","https://img.rewe-static.de/1059420/23056495_digital-image.png"
"Garnier Mizelle Augen-Make-Up Entferner 2in1 125ml","Garnier","3600541698475","2.79","125ml (1 l = 22,32 €)","Drogerie & Kosmetik","False","https://img.rewe-static.de/2348797/23843070_digital-image.png"
"Today Discreet Hygiene Einlagen Extra 24 Stück","Today","25974508","3.95","24 Stück","Drogerie & Kosmetik","False","https://img.rewe-static.de/7646840/43788222_digital-image.png"
"Always Slipeinlagen Daily Protect Long 48 Stück","Always","8006540688939","2.59","48 Stück","Drogerie & Kosmetik","True","https://img.rewe-static.de/7180383/40367242_digital-image.png"
"Blend-a-dent Plus Premium-Haftcreme Duo Kraft 40 g","Blend-a-dent","8006540314791","4.75","40g (1 kg = 118,75 €)","Drogerie & Kosmetik","False","https://img.rewe-static.de/0906439/26329709_digital-image.png"
"NIVEA Body Lotion Express 400ml","NIVEA","4006000083353","4.45","400ml (1 l = 11,13 €)","Drogerie & Kosmetik","False","https://img.rewe-static.de/1460388/29990971_digital-image.png"
"Listerine Mundspülung Fresh Mint 500ml","Listerine","3574661731056","3.99","500ml (1 l = 7,98 €)","Drogerie & Kosmetik","False","https://img.rewe-static.de/9016330/39953120_digital-image.png"
"Tena Pants Plus Medium 9 Stück","Tena","7322542285398","9.99","9 Stück","Drogerie & Kosmetik","False","https://img.rewe-static.de/2088858/21955790_digital-image.png"
"Garnier SkinActive Tuchmaske Hydra Bomb Granatapfel 1 Stück","Garnier","3600541943506","1.69","1 Stück","Drogerie & Kosmetik","False","https://img.rewe-static.de/2888666/25369117_digital-image.png"
"Sebamed Antischuppen-Shampoo 200ml","Sebamed","4103040048882","3.99","200ml (1 l = 19,95 €)","Drogerie & Kosmetik","False","https://img.rewe-static.de/7444400/11143490_digital-image.png"
"Hansaplast Universal Wasserfest 20 Stück","Hansaplast","4005800280023","2.49","20 Stück","Drogerie & Kosmetik","False","https://img.rewe-static.de/7908564/35095889_digital-image.png"
"o.b. Tampons Original Super 56 Stück","o.b.","3574661567327","3.99","56 Stück","Drogerie & Kosmetik","False","https://img.rewe-static.de/2134070/22168395_digital-image.png"
"Dove Duschcreme Reichhaltige Pflege 225ml","Dove","8720181443459","3.49","225ml (1 l = 15,51 €)","Drogerie & Kosmetik","False","https://img.rewe-static.de/9068537/43308674_digital-image.png"
"Sebamed Frische Dusche 400ml","Sebamed","4103040341013","4.99","400ml (1 l = 12,48 €)","Drogerie & Kosmetik","False","https://img.rewe-static.de/1325191/21046531_digital-image.png"
"Alpecin Coffein-Shampoo 250ml","Alpecin","4008666211217","5.99","250ml (1 l = 23,96 €)","Drogerie & Kosmetik","False","https://img.rewe-static.de/5105650/2126420_digital-image.png"
"Signal Zahnpasta Sport Gel Fresh 75ml","Signal","8720181323546","0.99","75ml (1 l = 13,20 €)","Drogerie & Kosmetik","False","https://img.rewe-static.de/1411728/20349859_digital-image.png"
"Sebamed Everyday-Shampoo 200ml","Sebamed","4103040048943","3.99","200ml (1 l = 19,95 €)","Drogerie & Kosmetik","False","https://img.rewe-static.de/7472072/21046530_digital-image.png"
"Tena Pants Plus Large 8 Stück","Tena","7322542285589","9.99","8 Stück","Drogerie & Kosmetik","False","https://img.rewe-static.de/2088862/21955567_digital-image.png"
"L'Oréal Paris Elvital Shampoo Hydra Hyaluronic 300ml","L'Oréal Paris","3600524030001","4.49","300ml (1 l = 14,97 €)","Drogerie & Kosmetik","False","https://img.rewe-static.de/8709745/35150621_digital-image.png"
"NIVEA Pflegeshampoo Volumen & Kraft 250ml","NIVEA","4005900917744","2.99","250ml (1 l = 11,96 €)","Drogerie & Kosmetik","False","https://img.rewe-static.de/7155108/28315340_digital-image.png"
"Dr. Best Zahnbürste Zwischenzahn Mittel","Dr. Best","5054563924667","2.69","1 Stück","Drogerie & Kosmetik","False","https://img.rewe-static.de/8608381/33383336_digital-image.png"
"Dove Duschcreme Intensivpflege & Öl Arganöl 225ml","Dove","8720181460029","3.49","225ml (1 l = 15,51 €)","Drogerie & Kosmetik","False","https://img.rewe-static.de/7596961/43308673_digital-image.png"
"Schwarzkopf Taft Schaumfestiger Ultra Halt 4 150ml","taft","4015100809985","3.25","150ml (1 l = 21,67 €)","Drogerie & Kosmetik","False","https://img.rewe-static.de/7929826/32561413_digital-image.png"
"Always Dailies Flexistyle Normal 54 Stück","Always","8006540689080","2.59","54 Stück","Drogerie & Kosmetik","True","https://img.rewe-static.de/8380115/30675263_digital-image.png"
"Today Cremebad Milch & Honig 1l","Today","22426857","1.59","1000ml","Drogerie & Kosmetik","False","https://img.rewe-static.de/7650314/41764790_digital-image.png"
"Blistex Lippenbalsam 6ml","Blistex","4008455036717","1.99","1 Stück","Drogerie & Kosmetik","False","https://img.rewe-static.de/4502272/1557250_digital-image.png"
"Adidas Men Deospray Ice Dive 150ml","Adidas","3616303440800","2.69","150ml (1 l = 17,93 €)","Drogerie & Kosmetik","False","https://img.rewe-static.de/3448789/8131120_digital-image.png"
"Eyelike Kombi-Lösung 380ml","Eyelike","4260092872046","4.99","380ml (1 l = 13,13 €)","Drogerie & Kosmetik","False","https://img.rewe-static.de/0578913/18044020_digital-image.png"
"Dove Body Lotion Hydro Pflege 400ml","Dove","8720181085666","4.49","400ml (1 l = 11,23 €)","Drogerie & Kosmetik","False","https://img.rewe-static.de/1902437/21134563_digital-image.png"
"Odol-med3 Zahncreme Juniorzahn Frische Minze 75ml","Odol-med3","5054563193414","2.49","75ml (1 l = 33,20 €)","Drogerie & Kosmetik","False","https://img.rewe-static.de/7904766/40274090_digital-image.png"
"Weleda Baby Waschlotion & Shampoo Calendula 200ml","Weleda","4001638523127","6.99","200ml (1 l = 34,95 €)","Drogerie & Kosmetik","False","https://img.rewe-static.de/1911709/20961389_digital-image.png"
"NIVEA Deospray Fresh Pure ohne Aluminium 150ml","NIVEA","4005900843722","2.25","150ml (1 l = 15 €)","Drogerie & Kosmetik","False","https://img.rewe-static.de/2605665/26269212_digital-image.png"
"Today Discreet Hygiene Einlagen Normal 28 Stück","Today","25974850","3.95","28 Stück","Drogerie & Kosmetik","False","https://img.rewe-static.de/8909795/43788231_digital-image.png"
"Wilkinson Sword Rasierer Xtreme 3 Sensitive 6 Stück","Wilkinson","4027800400201","4.79","6 Stück","Drogerie & Kosmetik","False","https://img.rewe-static.de/0957248/7035530_digital-image.png"
"Cottonelle Feuchtes Toilettenpapier Natürlich Pflegend Kamille & Aloe Vera 42 Stück","Cottonelle","5029053583891","1.59","42 Stück","Drogerie & Kosmetik","False","https://img.rewe-static.de/9957341/45103258_digital-image.png"
"Rexona Maximum Protection Extra Strong Fresh 150ml","Rexona","8720181452567","3.99","150ml (1 l = 26,60 €)","Drogerie & Kosmetik","False","https://img.rewe-static.de/8463973/32696985_digital-image.png"
"duschdas Duschgel Limette Minze 225ml","Duschdas","8720181334108","1.29","225ml (1 l = 5,73 €)","Drogerie & Kosmetik","False","https://img.rewe-static.de/8913729/43159943_digital-image.png"
"duschdas Duschgel Ice Kick 2in1 225ml","Duschdas","8720181333996","1.29","225ml (1 l = 5,73 €)","Drogerie & Kosmetik","False","https://img.rewe-static.de/8912738/43100705_digital-image.png"
"meridol Zahnbürste Zahnfleischschutz Mittel","Meridol","7610108057276","3.49","1 Stück","Drogerie & Kosmetik","False","https://img.rewe-static.de/1332255/21151312_digital-image.png"
"NIVEA Pflegeshampoo Classic Mild 250ml","NIVEA","4005900917829","2.99","250ml (1 l = 11,96 €)","Drogerie & Kosmetik","False","https://img.rewe-static.de/7155314/29330098_digital-image.png"
"NIVEA Pflegendes Schaumbad Creme Soft 650ml","NIVEA","4005900934383","3.49","650ml (1 l = 5,37 €)","Drogerie & Kosmetik","False","https://img.rewe-static.de/9968642/44773573_digital-image.png"
"NIVEA Men Pflegeshampoo Strong Power 250ml","NIVEA","4005900917669","2.99","250ml (1 l = 11,96 €)","Drogerie & Kosmetik","False","https://img.rewe-static.de/7156509/27100615_digital-image.png"
"L'Oréal Paris Elvital Spülung Color Glanz 250ml","L'Oréal Paris","3600523487936","4.49","250ml (1 l = 17,96 €)","Drogerie & Kosmetik","False","https://img.rewe-static.de/3233160/26208077_digital-image.png"
"Syoss Repair Tiefenspülung 250ml","Syoss","4015100726862","2.69","250ml (1 l = 10,76 €)","Drogerie & Kosmetik","False","https://img.rewe-static.de/7821304/37887401_digital-image.png"
"Syoss Shampoo Volume 440ml","Syoss","4015100336580","2.59","440ml (1 l = 5,89 €)","Drogerie & Kosmetik","False","https://img.rewe-static.de/7982449/31617549_digital-image.png"
"Oral-B Essential Floss Zahnseide ungewachst 50m","Oral-B","8006540491782","1.99","50m (1 m  = 0,04 €)","Drogerie & Kosmetik","False","https://img.rewe-static.de/2402904/23181046_digital-image.png"
"Garnier Wahre Schätze Spülung Sanfte Hafermilch 200ml","Garnier","3600542461429","2.49","200ml (1 l = 12,45 €)","Drogerie & Kosmetik","False","https://img.rewe-static.de/2931908/25932965_digital-image.png"
"NIVEA Men Sensitive After Shave Balsam 100ml","NIVEA","4006000079356","5.45","100ml (1 l = 54,50 €)","Drogerie & Kosmetik","False","https://img.rewe-static.de/7334699/8524500_digital-image.png"
"Schwarzkopf Taft Styling Gel Power Halt 5 150ml","taft","4015100810844","2.99","150ml (1 l = 19,93 €)","Drogerie & Kosmetik","False","https://img.rewe-static.de/7927907/32561409_digital-image.png"
"Always Discreet Einlagen bei Blasenschwäche Long Plus 8 Stück","Always","8700216179577","2.99","8 Stück","Drogerie & Kosmetik","True","https://img.rewe-static.de/2876275/28678393_digital-image.png"
"Garnier Mineral Deo Roll-On Ultra Dry 50ml","Garnier","3600542227322","2.59","50ml (1 l = 51,80 €)","Drogerie & Kosmetik","False","https://img.rewe-static.de/0907933/8128290_digital-image.png"
"Today Slipeinlagen Normal mit Frischeduft 45 Stück","Today","22038784","0.99","45 Stück","Drogerie & Kosmetik","False","https://img.rewe-static.de/7720772/39163059_digital-image.png"
"Rexona Men Deo Roll-On Cobalt Dry Anti-Transpirant 50ml","Rexona","59095491","2.25","50ml (1 l = 45 €)","Drogerie & Kosmetik","False","https://img.rewe-static.de/2043487/23058597_digital-image.png"
"Sebamed Trockene Haut Urea 5% Shampoo 200ml","Sebamed","4103040019349","4.99","200ml (1 l = 24,95 €)","Drogerie & Kosmetik","False","https://img.rewe-static.de/0917595/28598283_digital-image.png"
"Oliva Tagescreme mit Olivenöl 50ml","Oliva","8436037792731","3.29","50ml (1 l = 65,80 €)","Drogerie & Kosmetik","False","https://img.rewe-static.de/8051438/30013929_digital-image.png"
"Frosch Senses Sensitivseife 300ml Deko","Frosch","4001499930676","1.99","300ml (1 l = 6,63 €)","Drogerie & Kosmetik","False","https://img.rewe-static.de/2467533/27825520_digital-image.png"
"Dove Deospray Original 150ml","Dove","8720181291920","3.49","150ml (1 l = 23,27 €)","Drogerie & Kosmetik","False","https://img.rewe-static.de/8925131/39134229_digital-image.png"
"Today Deo & Bodyspray Pink Flower 200ml","Today","26169958","0.85","200ml","Drogerie & Kosmetik","False","https://img.rewe-static.de/7572145/45670741_digital-image.png"
"Today Pflegende Reinigungstücher 3in1 25 Stück","Today","28615309","0.95","25 Stück","Drogerie & Kosmetik","False","https://img.rewe-static.de/1918759/21327011_digital-image.png"
"Dr. Best Zahnbürste X-Zwischenzahn mittel","Dr. Best","5054563924759","2.69","1 Stück","Drogerie & Kosmetik","False","https://img.rewe-static.de/7889985/33149659_digital-image.png"
"o.b. Tampons Flexia Tag + Nacht Super Plus 36 Stück","o.b.","3574661577869","5.99","36 Stück","Drogerie & Kosmetik","False","https://img.rewe-static.de/3281773/32343785_digital-image.png"
"Durex Kondome Gefühlsecht Classic 20 Stück","Durex","4002448154891","15.99","20 Stück","Drogerie & Kosmetik","False","https://img.rewe-static.de/8021877/30964487_digital-image.png"
"NIVEA Body Lotion Repair & Care sehr trockene Haut 400ml","NIVEA","4005900669988","6.49","400ml (1 l = 16,23 €)","Drogerie & Kosmetik","False","https://img.rewe-static.de/1461939/24024155_digital-image.png"
"NIVEA Creme Care Intensive Pflege 200ml","NIVEA","42269915","4.59","200ml (1 l = 22,95 €)","Drogerie & Kosmetik","False","https://img.rewe-static.de/2395486/24024152_digital-image.png"
"always Damenbinden Maxi Größe 2 Long 9 Stück","Always","8006540530832","1.99","14 Stück","Drogerie & Kosmetik","False","https://img.rewe-static.de/7837527/38144592_digital-image.png"
"Syoss Men Shampoo Power 440ml","Syoss","4015100336566","2.59","440ml (1 l = 5,89 €)","Drogerie & Kosmetik","False","https://img.rewe-static.de/7979832/31617284_digital-image.png"
"Blend-a-med Zahnpasta Classic XXL 125ml","Blend-a-med","8006540945162","1.85","125ml (1 l = 14,80 €)","Drogerie & Kosmetik","False","https://img.rewe-static.de/3075939/28057056_digital-image.png"
"NIVEA Men Deo Roll-On Invisible For Black und White Antitranspirant 50ml","NIVEA","42419402","2.25","50ml (1 l = 45 €)","Drogerie & Kosmetik","False","https://img.rewe-static.de/2605580/24496538_digital-image.png"
"Syoss Haarspray Keratin Extra Stark 400ml","Syoss","4015100190502","4.99","400ml (1 l = 12,48 €)","Drogerie & Kosmetik","False","https://img.rewe-static.de/3074604/28305590_digital-image.png"
"Adidas Men Duschgel After Sport 3in1 250ml","Adidas","3616303458881","2.39","250ml (1 l = 9,56 €)","Drogerie & Kosmetik","False","https://img.rewe-static.de/1397121/20308964_digital-image.png"
"L'Oréal Men Expert Feuchtigkeitspflege Hydra Energy Anti-Müdigkeit 50ml","L'Oréal Paris","3600524070779","7.49","50ml (1 l = 149,80 €)","Drogerie & Kosmetik","False","https://img.rewe-static.de/9946535/5341260_digital-image.png"
"Today Men Duschgel Cool Breeze 300ml","Today","25912647","0.95","300ml","Drogerie & Kosmetik","False","https://img.rewe-static.de/8824998/37384346_digital-image.png"
"NIVEA Men Creme Tiegel 150ml","NIVEA","4005900107305","3.99","150ml (1 l = 26,60 €)","Drogerie & Kosmetik","False","https://img.rewe-static.de/2383380/23930626_digital-image.png"
"Durex Kondome Gefühlsecht 8 Stück","Durex","4002448190325","6.99","8 Stück","Drogerie & Kosmetik","False","https://img.rewe-static.de/2260869/45636520_digital-image.png"
"Axe Deospray Anarchy for Him ohne Aluminium 150ml","Axe","8717163641033","3.95","150ml (1 l = 26,33 €)","Drogerie & Kosmetik","False","https://img.rewe-static.de/2146260/43761138_digital-image.png"
"Dove Deospray Zink Komplex Rosenduft ohne Aluminium 150ml","Dove","8720181277771","3.49","150ml (1 l = 23,27 €)","Drogerie & Kosmetik","False","https://img.rewe-static.de/8927041/39134502_digital-image.png"
"Today Dent Ersatz-Bürstenköpfe 3 Stück","Today","22275820","4.09","3 Stück","Drogerie & Kosmetik","False","https://img.rewe-static.de/2589426/24718466_digital-image.png"
"NIVEA Men Gesichtspflege Creme Sensitive 75ml","NIVEA","4006000080925","5.99","75ml (1 l = 79,87 €)","Drogerie & Kosmetik","False","https://img.rewe-static.de/0443984/22978406_digital-image.png"
"Schwarzkopf Taft Styling Wax Power Halt 5 75ml","taft","4015100811001","2.99","75ml (1 l = 39,87 €)","Drogerie & Kosmetik","False","https://img.rewe-static.de/8547536/32629084_digital-image.png"
"Blend-a-dent Super-Haftcreme extra stark 47g","Blend-a-dent","8006540314913","3.75","47g (1 kg = 79,79 €)","Drogerie & Kosmetik","False","https://img.rewe-static.de/4800958/13582790_digital-image.png"
"NIVEA Pflegeshampoo Anti-Schuppen 250ml","NIVEA","4005900917706","2.99","250ml (1 l = 11,96 €)","Drogerie & Kosmetik","False","https://img.rewe-static.de/7155817/29330120_digital-image.png"
"NIVEA Sanfte Reinigungsmilch 200ml","NIVEA","4006000019178","3.49","200ml (1 l = 17,45 €)","Drogerie & Kosmetik","False","https://img.rewe-static.de/0344669/23270612_digital-image.png"
"Cosmea Pelzy Protect Vlieswindeln 30 Stück","Cosmea","4000576523664","3.79","30 Stück","Drogerie & Kosmetik","False","https://img.rewe-static.de/6452051/27889853_digital-image.png"
"Cottonelle Feuchtes Toilettenpapier Sauber Pflegend mit Mizellenwasser & Vitamin E 42 Stück","Cottonelle","5029053583938","1.59","42 Stück","Drogerie & Kosmetik","False","https://img.rewe-static.de/9957247/45102936_digital-image.png"
"Karex Kinder-Zahnpasta 50ml","NA","4008666812186","3.99","50ml","Drogerie & Kosmetik","False","https://img.rewe-static.de/8324017/32717417_digital-image.png"
"Oliva Nachtcreme mit Olivenöl 50ml","Oliva","8436037792748","3.29","50ml (1 l = 65,80 €)","Drogerie & Kosmetik","False","https://img.rewe-static.de/8348539/30014089_digital-image.png"
"Poly Palette Intensiv-Creme-Coloration 900 Schwarz 115ml","Poly Palette","4015100816129","3.99","1ml","Drogerie & Kosmetik","False","https://img.rewe-static.de/3069569/26380800_digital-image.png"
"Salthouse Badesalz pur 500g","Salthouse","4008890006504","2.29","500g (1 kg = 4,58 €)","Drogerie & Kosmetik","False","https://img.rewe-static.de/6832695/23199690_digital-image.png"
"L'Oréal Paris Studio Line Spurenlos FX Styling Gel ultra starker Halt 150ml","L'Oréal Paris","3600522471806","2.99","150ml (1 l = 19,93 €)","Drogerie & Kosmetik","False","https://img.rewe-static.de/2094279/21993813_digital-image.png"
"NIVEA Men Deo-Zerstäuber Fresh Active ohne Aluminium 75ml","NIVEA","4006000047195","4.19","75ml (1 l = 55,87 €)","Drogerie & Kosmetik","False","https://img.rewe-static.de/1459320/22985457_digital-image.png"
"Pantene Pro-V Haarshampoo Repair & Care 500ml","Pantene Pro-V","8001090093288","5.49","500ml (1 l = 10,98 €)","Drogerie & Kosmetik","False","https://img.rewe-static.de/1251474/22162635_digital-image.png"
"Today Arztseife Spender 500ml","Today","21825361","1.99","500ml (1 l = 3,98 €)","Drogerie & Kosmetik","False","https://img.rewe-static.de/7131945/28365259_digital-image.png"
"DocMorris Wundpflaster sensitiv 20x6cm 20 Stück","DocMorris","4042441012446","1.19","20x6cm (1 m = 0,99 €)","Drogerie & Kosmetik","False","https://img.rewe-static.de/8049981/30508797_digital-image.png"
"Swiss-O-Par Frottee Trockenshampoo Spray 2.0 200ml","Swiss-o-Par","4104260045149","2.79","200ml (1 l = 13,95 €)","Drogerie & Kosmetik","False","https://img.rewe-static.de/1325977/23199643_digital-image.png"
"Today Duschgel med 500ml","Today","21835186","1.99","500ml (1 l = 3,98 €)","Drogerie & Kosmetik","False","https://img.rewe-static.de/1297852/20155802_digital-image.png"
"NIVEA Pflegendes Gesichtswasser 200ml","NIVEA","4006000019253","3.59","200ml (1 l = 17,95 €)","Drogerie & Kosmetik","False","https://img.rewe-static.de/0344674/40446460_digital-image.png"
"L'Oréal Paris Elnett Ultra-Feines Haarspray Extra Starker Halt 300ml","L'Oréal Paris","3600524164614","4.99","300ml (1 l = 16,63 €)","Drogerie & Kosmetik","False","https://img.rewe-static.de/9087322/44533504_digital-image.png"
"NIVEA Q10 Plus Nachtpflege Anti-Falten 50ml","NIVEA","4005900546159","13.69","50ml (1 l = 273,80 €)","Drogerie & Kosmetik","False","https://img.rewe-static.de/2243937/42211994_digital-image.png"
"Veet Silk&Fresh Haarentfernungs-Creme sensible Haut 100ml","Veet","4002448090656","4.29","100ml (1 l = 42,90 €)","Drogerie & Kosmetik","False","https://img.rewe-static.de/1092760/21441510_digital-image.png"
"Weleda Citrus-Erfrischungsdusche 200ml","Weleda","7611916124501","5.99","200ml (1 l = 29,95 €)","Drogerie & Kosmetik","False","https://img.rewe-static.de/6814506/20589325_digital-image.png"
"Dove Deospray Zink Komplex Original ohne Aluminium 150ml","Dove","8720181277764","3.49","150ml (1 l = 23,27 €)","Drogerie & Kosmetik","False","https://img.rewe-static.de/9006250/39133880_digital-image.png"
"Hidrofugal Deo Zerstäuber Classic 75ml","Hidrofugal","4006000079615","4.99","75ml (1 l = 66,53 €)","Drogerie & Kosmetik","False","https://img.rewe-static.de/2774279/24982224_digital-image.png"
"Litamin Wellness&Care Blauer Traum Pflege-Schaumbad 750ml","Litamin","4000196015112","2.69","750ml (1 l = 3,59 €)","Drogerie & Kosmetik","False","https://img.rewe-static.de/0675547/1506070_digital-image.png"
"Palmolive Duschgel Wellness Massage 250ml","Palmolive","8718951076228","1.29","250ml (1 l = 5,16 €)","Drogerie & Kosmetik","False","https://img.rewe-static.de/2759266/24982190_digital-image.png"
"schauma Shampoo Frucht & Vitamin 400ml","schauma","4015100718157","1.45","400ml (1 l = 3,63 €)","Drogerie & Kosmetik","False","https://img.rewe-static.de/2344395/23548739_digital-image.png"
"Axe Duschgel Alaska 400ml","Axe","8710447284100","3.55","400ml (1 l = 8,88 €)","Drogerie & Kosmetik","False","https://img.rewe-static.de/2919893/27675338_digital-image.png"
"NIVEA Q10 Power Tagespflege LSF 15 Anti-Falten + Straffung 50ml","NIVEA","4006000085036","12.69","50ml (1 l = 253,80 €)","Drogerie & Kosmetik","False","https://img.rewe-static.de/2243936/31666694_digital-image.png"
"NIVEA Tagescreme Sensitive für empfindliche Haut 50ml","NIVEA","4005900935465","5.69","50ml (1 l = 113,80 €)","Drogerie & Kosmetik","False","https://img.rewe-static.de/2135916/29990756_digital-image.png"
"Pantene Pro-V Pflegespülung Glatt&Seidig 200ml","Pantene Pro-V","8001090094384","3.45","200ml (1 l = 17,25 €)","Drogerie & Kosmetik","False","https://img.rewe-static.de/3201610/26154342_digital-image.png"
"Today Waschgel 150ml","Today","27098349","0.99","150ml (1 l = 6,60 €)","Drogerie & Kosmetik","False","https://img.rewe-static.de/1954263/21610785_digital-image.png"
"L'Oréal Paris Elvital Shampoo Tonerde 300ml","L'Oréal Paris","3600523289820","4.49","300ml (1 l = 14,97 €)","Drogerie & Kosmetik","False","https://img.rewe-static.de/2789901/26208068_digital-image.png"
"Schwarzkopf Gliss Kur Shampoo Oil Nutritive 250ml","Gliss","4015100812398","2.99","250ml (1 l = 11,96 €)","Drogerie & Kosmetik","False","https://img.rewe-static.de/7207275/27570160_digital-image.png"
"Today Men Deospray Dark Intense Verführend 200ml","Today","26162669","0.85","200ml","Drogerie & Kosmetik","False","https://img.rewe-static.de/9209160/45670725_digital-image.png"
"Today Men Duschgel Energy Kick 300ml","Today","25906769","0.95","300ml","Drogerie & Kosmetik","False","https://img.rewe-static.de/8821681/37384365_digital-image.png"
"Always Damenbinden Maxi Night ProFresh Night Größe 3, 10 Stück","Always","8006540451991","1.99","10 Stück","Drogerie & Kosmetik","False","https://img.rewe-static.de/7837528/35288648_digital-image.png"
"Dove Pflegedusche Hydrate 250ml","Dove","8720181466526","2.29","250ml (1 l = 9,16 €)","Drogerie & Kosmetik","False","https://img.rewe-static.de/9163770/43960102_digital-image.png"
"Pantene Pro-V Repair & Care Trocken-Öl mit Vitamin E 100ml","Pantene Pro-V","4084500084971","4.99","100ml (1 l = 49,90 €)","Drogerie & Kosmetik","False","https://img.rewe-static.de/2119754/22163383_digital-image.png"
"Adidas Men Duschgel Active Start 3in1 250ml","Adidas","3616303459314","2.39","250ml (1 l = 9,56 €)","Drogerie & Kosmetik","False","https://img.rewe-static.de/1397118/20389837_digital-image.png"
"Dentinox Zinksalbe 45g","Dentinox","4102968000385","5.99","45g (1 kg = 133,11 €)","Drogerie & Kosmetik","False","https://img.rewe-static.de/7210036/33972810_digital-image.png"
"Durex Play Gleitgel Feel 50ml","Durex","5038483962435","5.79","50ml (1 l = 115,80 €)","Drogerie & Kosmetik","False","https://img.rewe-static.de/0370959/10076800_digital-image.png"
"NIVEA Fresh Natural Deostick 50ml","NIVEA","42428923","2.69","50ml (1 l = 53,80 €)","Drogerie & Kosmetik","False","https://img.rewe-static.de/2547668/41410119_digital-image.png"
"Schwarzkopf Taft Haarspray Powerful Age Halt 5 250ml","taft","4015100810141","3.25","250ml (1 l = 13 €)","Drogerie & Kosmetik","False","https://img.rewe-static.de/7928594/32629595_digital-image.png"
"Today Men After Shave Balsam Sensitiv 100ml","Today","21403699","2.35","100ml","Drogerie & Kosmetik","False","https://img.rewe-static.de/7804760/37380073_digital-image.png"
"Billy Boy Kondome Bunte Vielfalt 10 Stück","Billy Boy","4008600433712","7.49","10 Stück","Drogerie & Kosmetik","False","https://img.rewe-static.de/7611746/42588622_digital-image.png"
"Dove Deospray Zink Komplex Gurkenduft ohne Aluminium 150ml","Dove","8720181278136","3.49","150ml (1 l = 23,27 €)","Drogerie & Kosmetik","False","https://img.rewe-static.de/8930302/39566392_digital-image.png"
"Elmex KInder-Zahnbürste Weich","Elmex","4007965111006","3.49","1 Stück","Drogerie & Kosmetik","False","https://img.rewe-static.de/0877684/31613814_digital-image.png"
"Today Tampons Mini Comfort 64 Stück","Today","22036278","2.75","64 Stück","Drogerie & Kosmetik","False","https://img.rewe-static.de/8870851/39163096_digital-image.png"
"Alpecin Koffein-Liquid 200ml","Alpecin","4008666212016","8.99","200ml (1 l = 44,95 €)","Drogerie & Kosmetik","False","https://img.rewe-static.de/7957483/7446420_digital-image.png"
"CD Dusche Wasserlilie 250ml","CD","4045612009313","1.79","250ml (1 l = 7,16 €)","Drogerie & Kosmetik","False","https://img.rewe-static.de/7111541/11959500_digital-image.png"
"Lavera Basis Sensitiv Waschgel Bio Aloe Vera & Jojoba 125ml","Lavera","4021457650033","5.99","125ml (1 l = 47,92 €)","Drogerie & Kosmetik","False","https://img.rewe-static.de/2398945/24046346_digital-image.png"
"NIVEA Erfrischendes Waschgel 150ml","NIVEA","4006000004471","4.49","150ml (1 l = 29,93 €)","Drogerie & Kosmetik","False","https://img.rewe-static.de/0344694/23732571_digital-image.png"
"NIVEA Men Rasiergel Sensitive 200ml","NIVEA","4005900918628","2.99","200ml (1 l = 14,95 €)","Drogerie & Kosmetik","False","https://img.rewe-static.de/5774225/7448300_digital-image.png"
"SOS Desinfektions-Tücher Intense Hände + Flächen 25 Stück","SOS","4036581536337","1.99","25 Stück","Drogerie & Kosmetik","False","https://img.rewe-static.de/1450830/43241958_digital-image.png"
"Garnier Hautklar Tägliches Anti-Pickel Gesichtswasser 200ml","Garnier","4084200771904","2.59","200ml (1 l = 12,95 €)","Drogerie & Kosmetik","False","https://img.rewe-static.de/4261860/9165350_digital-image.png"
"L'Oréal Paris Elvital Shampoo Bond Repair 200ml","L'Oréal Paris","3600524074654","5.99","200ml (1 l = 29,95 €)","Drogerie & Kosmetik","False","https://img.rewe-static.de/7719495/39133884_digital-image.png"
"NIVEA Hautstraffende Body Lotion 400ml","NIVEA","4006000083476","7.89","400ml (1 l = 19,73 €)","Drogerie & Kosmetik","False","https://img.rewe-static.de/1461951/23731695_digital-image.png"
"NIVEA Mizellen Reinigungstücher 3in1 25 Stück","NIVEA","4005900774699","2.49","25 Stück","Drogerie & Kosmetik","False","https://img.rewe-static.de/7217009/30373078_digital-image.png"
"Palmolive Schaum-Handseife Magic Softness Limette 250ml","Palmolive","8718951257818","2.79","250ml (1 l = 11,16 €)","Drogerie & Kosmetik","False","https://img.rewe-static.de/8302371/29603359_digital-image.png"
"Poly Palette Intensiv-Creme-Coloration 800 Dunkelbraun 115ml","Poly Palette","4015100816204","3.99","1ml","Drogerie & Kosmetik","False","https://img.rewe-static.de/3069677/26380591_digital-image.png"
"Today Men Rasierschaum classic 300ml","Today","21548949","0.95","300ml (1 l = 3,17 €)","Drogerie & Kosmetik","False","https://img.rewe-static.de/2453802/24958465_digital-image.png"
"Garnier Nutrisse 30 Dunkelbraun","Garnier","4002441020056","4.49","1 Stück","Drogerie & Kosmetik","False","https://img.rewe-static.de/4575857/10591690_digital-image.png"
"NIVEA Creme Dose 75ml","NIVEA","42428985","1.99","75ml (1 l = 26,53 €)","Drogerie & Kosmetik","False","https://img.rewe-static.de/2414785/24024447_digital-image.png"
"NIVEA Duschgel Rose & Almond Oil 250ml","NIVEA","4005900954558","1.75","250ml (1 l = 7 €)","Drogerie & Kosmetik","False","https://img.rewe-static.de/8815200/37881061_digital-image.png"
"Rexona Deospray Stress Control 150ml","Rexona","8720181437731","2.99","150ml (1 l = 19,93 €)","Drogerie & Kosmetik","False","https://img.rewe-static.de/9055166/43429184_digital-image.png"
"NIVEA Pflegedusche Peach & Apricot Seed Oil 250ml","NIVEA","4005900939654","1.75","250ml (1 l = 7 €)","Drogerie & Kosmetik","False","https://img.rewe-static.de/7674582/43088960_digital-image.png"
"Nature Box Avocado Shampoo 385ml","Nature Box","4015100404548","3.99","385ml (1 l = 10,36 €)","Drogerie & Kosmetik","False","https://img.rewe-static.de/8155146/28187496_digital-image.png"
"Schwarzkopf Taft Haarspray Volumen trockenes Haar Halt 3 250ml","taft","4015100810783","3.25","250ml (1 l = 13 €)","Drogerie & Kosmetik","False","https://img.rewe-static.de/8588650/32629403_digital-image.png"
"today Tampons Super Plus 32 Stück","Today","22034366","2.75","32 Stück","Drogerie & Kosmetik","False","https://img.rewe-static.de/8947670/38819911_digital-image.png"
"Bebe Lippenpflege Classic 4,9g","Bebe","3574661664866","1.49","4,90g","Drogerie & Kosmetik","False","https://img.rewe-static.de/2241111/22908722_digital-image.png"
"Lavera Basis Sensitiv Feuchtigkeitscreme 50ml","Lavera","4021457649945","8.99","50ml (1 l = 179,80 €)","Drogerie & Kosmetik","False","https://img.rewe-static.de/1049169/39360443_digital-image.png"
"NIVEA Men Sensitive Pro Pflegedusche 250ml","NIVEA","4005900996183","1.75","250ml (1 l = 7 €)","Drogerie & Kosmetik","False","https://img.rewe-static.de/8824747/37881063_digital-image.png"
"Palmolive Duschgel Alluring Love 250ml","Palmolive","8718951424647","1.29","250ml (1 l = 5,16 €)","Drogerie & Kosmetik","False","https://img.rewe-static.de/7887281/45716699_digital-image.png"
"Adidas Men Deospray Victory League 150ml","Adidas","3616303441067","2.69","150ml (1 l = 17,93 €)","Drogerie & Kosmetik","False","https://img.rewe-static.de/3946126/7445610_digital-image.png"
"Bruno banani Man Hair & Body Shower 250ml","Bruno Banani","3616305448286","2.99","250ml (1 l = 11,96 €)","Drogerie & Kosmetik","False","https://img.rewe-static.de/8301356/29282720_digital-image.png"
"Hidrofugal Deo Roll-On Duschfrische 50ml","Hidrofugal","42449706","3.79","50ml (1 l = 75,80 €)","Drogerie & Kosmetik","False","https://img.rewe-static.de/2774328/27396373_digital-image.png"
"Nature Box Avocado Spülung 385ml","Nature Box","4015100403664","4.59","385ml (1 l = 11,92 €)","Drogerie & Kosmetik","False","https://img.rewe-static.de/8155105/28299649_digital-image.png"
"Schwarzkopf got2b Fixierung Sprühkleber 300ml","Schwarzkopf","4015100800524","4.99","300ml (1 l = 16,63 €)","Drogerie & Kosmetik","False","https://img.rewe-static.de/7041900/3756950_digital-image.png"
"Theramed Zahnpasta Spender Original 100ml","Theramed","4015100185294","1.79","100ml (1 l = 17,90 €)","Drogerie & Kosmetik","False","https://img.rewe-static.de/4367910/25822839_digital-image.png"
"Today Styling Gel Perfect Styling ultra stark 150ml","Today","27170649","0.85","150ml (1 l = 5,67 €)","Drogerie & Kosmetik","False","https://img.rewe-static.de/1956487/21610786_digital-image.png"
"CD Deospray Wasserlilie 150ml","CD","5000468000609","1.99","150ml (1 l = 13,27 €)","Drogerie & Kosmetik","False","https://img.rewe-static.de/0392652/22220337_digital-image.png"
"Kneipp Badekristalle Gelenke & Muskel-Wohl 60g","Kneipp","4008233046068","0.99","60g (1 kg = 16,50 €)","Drogerie & Kosmetik","False","https://img.rewe-static.de/0459327/21963544_digital-image.png"
"L'Oréal Paris Hydra Active 3 Tagespflege 50ml","L'Oréal Paris","3600521719541","2.99","50ml (1 l = 59,80 €)","Drogerie & Kosmetik","False","https://img.rewe-static.de/0748039/6744360_digital-image.png"
"Sebamed Wellness Dusche 400ml","Sebamed","4103040040565","4.99","400ml (1 l = 12,48 €)","Drogerie & Kosmetik","False","https://img.rewe-static.de/8769042/36682892_digital-image.png"
"Alpecin Doppel-Effekt-Shampoo 200ml","Alpecin","4008666210517","7.99","200ml (1 l = 39,95 €)","Drogerie & Kosmetik","False","https://img.rewe-static.de/0070185/7449280_digital-image.png"
"Dove Men+Care Deo Roll-On Clean Comfort Anti-Transpirant 50ml","Dove","59092575","3.49","50ml (1 l = 69,80 €)","Drogerie & Kosmetik","False","https://img.rewe-static.de/9019760/39489859_digital-image.png"
"L'Oréal Paris Elvital Spülung Hydra Hyaluronic Feuchtigkeitsversiegelnd 250ml","L'Oréal Paris","3600524029692","4.49","250ml (1 l = 17,96 €)","Drogerie & Kosmetik","False","https://img.rewe-static.de/7821846/36129120_digital-image.png"
"NIVEA Deo-Zerstäuber Fresh Natural ohne Aluminium 75ml","NIVEA","4005900471796","4.19","75ml (1 l = 55,87 €)","Drogerie & Kosmetik","False","https://img.rewe-static.de/1459304/23021102_digital-image.png"
"Tempo Feuchttücher Fresh to go Classic 10 Tücher","Tempo","7322540840643","0.99","10 Stück","Drogerie & Kosmetik","False","https://img.rewe-static.de/2828791/26105842_digital-image.png"
"Cottonelle Feuchtes Toilettenpapier Wohltuende Sauberkeit mit Aloe Vera 42 Stück","Cottonelle","5029053583952","1.59","42 Stück","Drogerie & Kosmetik","False","https://img.rewe-static.de/9951450/45102791_digital-image.png"
"Dove Deospray Invisible Dry 150ml","Dove","8720181291593","3.49","150ml (1 l = 23,27 €)","Drogerie & Kosmetik","False","https://img.rewe-static.de/8927538/41173880_digital-image.png"
"L'Oréal Paris Elnett Ultra-Feines Haarspray Normaler Halt 300ml","L'Oréal Paris","7610099050423","4.99","300ml (1 l = 16,63 €)","Drogerie & Kosmetik","False","https://img.rewe-static.de/9996114/44533621_digital-image.png"
"L'Oréal Paris Elvital Color Glanz Intensiv-Aufbau-Kur 125ml","L'Oréal Paris","4037900021503","2.99","125ml (1 l = 23,92 €)","Drogerie & Kosmetik","False","https://img.rewe-static.de/3036847/10578940_digital-image.png"
"Lacalut aktiv Zahncreme Zahnfleischschutz & sanftes Weiss 75ml","LACALUT","4016369461495","3.99","75ml (1 l = 53,20 €)","Drogerie & Kosmetik","False","https://img.rewe-static.de/8490776/34823877_digital-image.png"
"NIVEA Haarspray Volumen & Pflege mit Eucerit 250ml","NIVEA","4005900749529","3.49","250ml (1 l = 13,96 €)","Drogerie & Kosmetik","False","https://img.rewe-static.de/7177960/27403970_digital-image.png"
"Schwarzkopf Taft Styling Gel Ultra Halt 4 150ml","taft","4015100810882","2.99","150ml (1 l = 19,93 €)","Drogerie & Kosmetik","False","https://img.rewe-static.de/7929088/32561411_digital-image.png"
"Today Gesichtswasser mild 250ml","Today","21314568","0.95","250ml (1 l = 3,80 €)","Drogerie & Kosmetik","False","https://img.rewe-static.de/1314755/20361732_digital-image.png"
"Today Handcreme Urea 125ml","Today","21980459","1.29","125ml (1 l = 10,32 €)","Drogerie & Kosmetik","False","https://img.rewe-static.de/1906916/21329455_digital-image.png"
"Today Men Einwegrasierer 3-Klingen 8 Stück","Today","22353689","1.99","8 Stück","Drogerie & Kosmetik","False","https://img.rewe-static.de/7054804/31164434_digital-image.png"
"Today Q10 Tagescreme 50ml","Today","27182635","1.95","50ml (1 l = 39 €)","Drogerie & Kosmetik","False","https://img.rewe-static.de/1910751/30688595_digital-image.png"
"Axe Duschgel Epic Fresh 250ml","Axe","8720181204081","2.59","250ml (1 l = 10,36 €)","Drogerie & Kosmetik","False","https://img.rewe-static.de/7802460/38358151_digital-image.png"
"Batiste Trocken-Shampoo mit Farbe Dunkles Haar 200ml","Batiste","5010724527443","3.99","200ml (1 l = 19,95 €)","Drogerie & Kosmetik","False","https://img.rewe-static.de/7203232/33453645_digital-image.png"
"Bruno Banani Magic Man Deodorant Spray 150ml","Bruno Banani","3616302035434","3.29","150ml (1 l = 21,93 €)","Drogerie & Kosmetik","False","https://img.rewe-static.de/2427932/30243531_digital-image.png"
"Hakle Traumweich Lady 4-lagig 2x130 Blatt","Hakle","4260344221189","1.79","2x130 Stück","Drogerie & Kosmetik","False","https://img.rewe-static.de/7703868/39362799_digital-image.png"
"L'Oréal Paris Elnett Ultra-Feines Haarspray Volumen 300ml","L'Oréal Paris","3600521575543","4.99","300ml (1 l = 16,63 €)","Drogerie & Kosmetik","False","https://img.rewe-static.de/9996217/44533434_digital-image.png"
"Oral-B Zahnseide Fäden SuperFloss 50 Stück","Oral-B","8006540563304","2.99","50 Stück","Drogerie & Kosmetik","False","https://img.rewe-static.de/7217064/23181321_digital-image.png"
"Schwarzkopf Taft Schaumfestiger Power Halt 5 150ml","taft","4015100809961","3.25","150ml (1 l = 21,67 €)","Drogerie & Kosmetik","False","https://img.rewe-static.de/7926624/33765100_digital-image.png"
"Guhl Frische & Leichtigkeit Anti-Fett Shampoo mit Zitronenmelisse 250ml","Guhl","4072600282274","3.99","250ml (1 l = 15,96 €)","Drogerie & Kosmetik","False","https://img.rewe-static.de/2592057/37996490_digital-image.png"
"Head & Shoulders Anti-Schuppen Shampoo Apple Fresh 500ml","Head & Shoulders","8001090896049","6.99","500ml (1 l = 13,98 €)","Drogerie & Kosmetik","False","https://img.rewe-static.de/2952325/25508611_digital-image.png"
"L'Oréal Antifalten Expert 55+ 50ml","L'Oréal Paris","3600523183753","4.45","50ml (1 l = 89 €)","Drogerie & Kosmetik","False","https://img.rewe-static.de/2746295/25034785_digital-image.png"
"L'Oréal Paris RevitaLift Tagescreme 50ml","L'Oréal Paris","3600523670611","9.99","50ml (1 l = 199,80 €)","Drogerie & Kosmetik","False","https://img.rewe-static.de/0186074/7264490_digital-image.png"
"NIVEA Body Lotion Aloe & Pflege 400ml","NIVEA","4005900637086","4.99","400ml (1 l = 12,48 €)","Drogerie & Kosmetik","False","https://img.rewe-static.de/8338222/30326788_digital-image.png"
"NIVEA Haarspray Diamant Volumen 250ml","NIVEA","4005900749406","3.49","250ml (1 l = 13,96 €)","Drogerie & Kosmetik","False","https://img.rewe-static.de/7162957/44314272_digital-image.png"
"Titania Doppelfussfeile 1 Stück","NA","4008576030205","1.99","1 Stück","Drogerie & Kosmetik","False","https://img.rewe-static.de/3134709/37887467_digital-image.png"
"Today Dent Mundwasser fresh 125ml","Today","25789638","1.19","125ml (1 l = 9,52 €)","Drogerie & Kosmetik","False","https://img.rewe-static.de/2001522/22110619_digital-image.png"
"Today Reinigungsmilch sanft 250ml","Today","20634223","0.95","250ml (1 l = 3,80 €)","Drogerie & Kosmetik","False","https://img.rewe-static.de/1314746/20361749_digital-image.png"
"Today Shampoo Volumen 300ml","Today","21841668","0.85","300ml (1 l = 2,83 €)","Drogerie & Kosmetik","False","https://img.rewe-static.de/8827969/37431435_digital-image.png"
"Cottonelle Feuchtes Toilettenpapier Kaschmir & Sheabutter 42 Stück","Cottonelle","5029053583945","1.59","42 Stück","Drogerie & Kosmetik","False","https://img.rewe-static.de/9956848/45102912_digital-image.png"
"Cottonelle Feuchtes Toilettenpapier Pure Pflege Extra sanft für empfindliche Haut 42 Stück","Cottonelle","5029053584331","1.59","42 Stück","Drogerie & Kosmetik","False","https://img.rewe-static.de/9957252/45102937_digital-image.png"
"Garnier Fructis Spülung Farbpower 200ml","Garnier","3600542142618","1.89","200ml (1 l = 9,45 €)","Drogerie & Kosmetik","True","https://img.rewe-static.de/3229754/26308568_digital-image.png"
"Garnier Wahre Schätze 1-Minute Haarkur Honigschätze 340ml","Garnier","3600542509428","4.99","340ml (1 l = 14,68 €)","Drogerie & Kosmetik","False","https://img.rewe-static.de/7713431/38955368_digital-image.png"
"Odol-med3 Zahncreme Original All in One Schutz 75ml","Odol-med3","5054563209177","2.49","75ml (1 l = 33,20 €)","Drogerie & Kosmetik","False","https://img.rewe-static.de/8178417/28210917_digital-image.png"
"Schwarzkopf Taft Styling Gel Super Kleber Halt 14 150ml","taft","4015100811025","2.99","150ml (1 l = 19,93 €)","Drogerie & Kosmetik","False","https://img.rewe-static.de/8550732/37881019_digital-image.png"
"Durex Kondome Natural Feeling 8 Stück","Durex","4002448190523","12.49","8 Stück","Drogerie & Kosmetik","False","https://img.rewe-static.de/8915987/39134046_digital-image.png"
"L'Oréal Paris Elvital Shampoo Purple Color Glanz 200ml","L'Oréal Paris","3600523682775","3.99","200ml (1 l = 19,95 €)","Drogerie & Kosmetik","False","https://img.rewe-static.de/8077529/32879316_digital-image.png"
"NIVEA Deospray Fresh Summer 150ml","NIVEA","4005900829672","2.25","150ml (1 l = 15 €)","Drogerie & Kosmetik","False","https://img.rewe-static.de/8591349/38856158_digital-image.png"
"NIVEA Pflege & Halt Haarspray Regenerierend 250ml","NIVEA","4005900749840","3.49","250ml (1 l = 13,96 €)","Drogerie & Kosmetik","False","https://img.rewe-static.de/7161945/27532002_digital-image.png"
"Palmolive Rasiercreme Men Classic 100 ml","Palmolive","3015810608817","1.69","100ml (1 l = 16,90 €)","Drogerie & Kosmetik","False","https://img.rewe-static.de/7178247/5562070_digital-image.png"
"Tetesept Meersalz Gelenk & Muskel Gesundheitsbad 80g","tetesept:","4008491480697","0.99","80g (1 kg = 12,38 €)","Drogerie & Kosmetik","False","https://img.rewe-static.de/1140373/27300266_digital-image.png"
"Today Men Deospray Cool Breeze 200ml","Today","26166032","0.85","200ml","Drogerie & Kosmetik","False","https://img.rewe-static.de/9107466/45670717_digital-image.png"
"NIVEA Men Deospray Dry Active 150 ml","NIVEA","4005900829368","2.25","150ml (1 l = 15 €)","Drogerie & Kosmetik","False","https://img.rewe-static.de/7275921/29945240_digital-image.png"
"Old Spice Duschgel 3in1 Captain 250ml","Old Spice","8006540838945","2.39","250ml (1 l = 9,56 €)","Drogerie & Kosmetik","False","https://img.rewe-static.de/8930256/42889945_digital-image.png"
"Sebamed Trockene Haut Gesichtscreme 50ml","Sebamed","4103040019752","9.99","50ml (1 l = 199,80 €)","Drogerie & Kosmetik","False","https://img.rewe-static.de/0839821/41656093_digital-image.png"
"Swiss-O-Par Haarkur Kokos-Milch 25ml","Swiss-o-Par","42070771","0.65","25ml (1 l = 26 €)","Drogerie & Kosmetik","False","https://img.rewe-static.de/5730651/1625340_digital-image.png"
"Tempo Taschentücher sanft und frei 4-lagig, 30x9 Tücher","Tempo","7322540786897","4.99","NA","Drogerie & Kosmetik","False","https://img.rewe-static.de/0464478/1017760_digital-image.png"
"Today Schaumfestiger Volumen extra stark 250ml","Today","28271673","1.15","250ml (1 l = 4,60 €)","Drogerie & Kosmetik","False","https://img.rewe-static.de/1917344/21610789_digital-image.png"
"Alpecin Hybrid Coffein-Shampoo 250ml","Alpecin","4008666218001","5.99","250ml (1 l = 23,96 €)","Drogerie & Kosmetik","False","https://img.rewe-static.de/7154290/27034606_digital-image.png"
"Axe Aftershave Alaska 100ml","Axe","8720181343452","4.99","100ml (1 l = 49,90 €)","Drogerie & Kosmetik","False","https://img.rewe-static.de/8417012/31501007_digital-image.png"
"Axe Deospray Moschus ohne Aluminium 150ml","Axe","8717163641064","3.95","150ml (1 l = 26,33 €)","Drogerie & Kosmetik","False","https://img.rewe-static.de/2146255/43482546_digital-image.png"
"Dove Pflegedusche Fresh Care 250ml","Dove","8720181471629","2.29","250ml (1 l = 9,16 €)","Drogerie & Kosmetik","False","https://img.rewe-static.de/7595903/44413612_digital-image.png"
"Elmex Zahnpasta Zahnschmelz Professional Weiss-Schmelz 75ml","Elmex","8718951570412","6.99","75ml","Drogerie & Kosmetik","False","https://img.rewe-static.de/7533880/44243234_digital-image.png"
"Garnier Nutrisse 40 Mittelbraun","Garnier","3600540244901","4.49","1 Stück","Drogerie & Kosmetik","False","https://img.rewe-static.de/9625577/10586250_digital-image.png"
"Kleenex Taschentücher Täglich Sicher Box 140 Stück","Kleenex","5029053576329","1.99","140 Stück","Drogerie & Kosmetik","False","https://img.rewe-static.de/7908633/32879755_digital-image.png"
"Pantene Pro-V Spülung Repair & Care 360ml","Pantene Pro-V","8006540456316","5.99","350ml","Drogerie & Kosmetik","False","https://img.rewe-static.de/8713695/35172319_digital-image.png"
"Tena Discreet Einlagen Extra Plus 8 Stück","Tena","7322541067780","3.75","8 Stück","Drogerie & Kosmetik","False","https://img.rewe-static.de/8064935/34065582_digital-image.png"
"Today Schaumfestiger Perfekter Halt ultra stark 250ml","Today","28272373","1.15","250ml (1 l = 4,60 €)","Drogerie & Kosmetik","False","https://img.rewe-static.de/1917342/21610790_digital-image.png"
"Carefree Slipeinlagen Cotton Feel Normal Frischeduft 56 Stück","Carefree","3574661486321","2.95","56 Stück","Drogerie & Kosmetik","False","https://img.rewe-static.de/7792374/36637152_digital-image.png"
"Dr. Best Zahnbürste Classic Hoch-Tief art","Dr. Best","5054563924841","1.95","1 Stück","Drogerie & Kosmetik","False","https://img.rewe-static.de/8634214/37778790_digital-image.png"
"Foamie festes Shampoo trockenes Haar Aloe Vera 80g","NA","4063528071361","4.99","80 Stück","Drogerie & Kosmetik","False","https://img.rewe-static.de/8625596/36247903_digital-image.png"
"L'Oréal Men Expert Deo Roll On Invincible 96h 50ml","L'Oréal Paris","3600523741427","2.29","50ml (1 l = 45,80 €)","Drogerie & Kosmetik","False","https://img.rewe-static.de/1121639/27396272_digital-image.png"
"L'Oréal Paris Studio Line Fix&Style Fixierlack ultra stark 150ml","L'Oréal Paris","3600522471714","2.99","150ml (1 l = 19,93 €)","Drogerie & Kosmetik","False","https://img.rewe-static.de/2094277/21994190_digital-image.png"
"Listerine Mundspülung Cool Mint Mild Anti-Bakteriell 95ml","Listerine","3574661745008","1.29","95ml","Drogerie & Kosmetik","False","https://img.rewe-static.de/8648260/43088982_digital-image.png"
"Rexona Motion Sense Deospray Active Morning 150ml","Rexona","8710447492239","2.25","150ml (1 l = 15 €)","Drogerie & Kosmetik","False","https://img.rewe-static.de/7234645/43088825_digital-image.png"
"Swiss-O-Par Haarkur Pferdemark 25ml","Swiss-o-Par","4104260073005","0.65","25ml (1 l = 26 €)","Drogerie & Kosmetik","False","https://img.rewe-static.de/5471842/1625330_digital-image.png"
"Bruno Banani Man's Best Deodorant Spray 150ml","Bruno Banani","3616302035465","3.29","150ml (1 l = 21,93 €)","Drogerie & Kosmetik","False","https://img.rewe-static.de/3526619/30243576_digital-image.png"
"Durex Kondome Überrasch mich 10 Stück","Durex","4002448189329","6.49","10 Stück","Drogerie & Kosmetik","False","https://img.rewe-static.de/8734197/36085626_digital-image.png"
"Garnier Nutrisse 10.1A extra kühles Hellblond","Garnier","3600541043060","4.49","1 Stück","Drogerie & Kosmetik","False","https://img.rewe-static.de/2454169/29624734_digital-image.png"
"Hansaplast Elastic 20 Stück","Hansaplast","4005800283888","2.49","20 Stück","Drogerie & Kosmetik","False","https://img.rewe-static.de/7880870/32879334_digital-image.png"
"Kleenex Taschentücher Balsam Pocket-Pack 24 Stück","Kleenex","5029053001159","2.99","24x9 Stück","Drogerie & Kosmetik","False","https://img.rewe-static.de/1472992/8714450_digital-image.png"
"NIVEA Men Deo Roll-On Active Protect Antitranspirant 50ml","NIVEA","42419419","2.25","50ml (1 l = 45 €)","Drogerie & Kosmetik","False","https://img.rewe-static.de/2605596/24496541_digital-image.png"
"Schwarzkopf Taft Styling Gel Marathon Halt 6 150ml","taft","4015100810967","2.99","150ml (1 l = 19,93 €)","Drogerie & Kosmetik","False","https://img.rewe-static.de/8545426/32629063_digital-image.png"
"Bruno Banani Magic Man Hair&Body Shower 250ml","Bruno Banani","3616305448422","2.99","250ml (1 l = 11,96 €)","Drogerie & Kosmetik","False","https://img.rewe-static.de/8302165/29337340_digital-image.png"
"Garnier Fructis Shampoo Aloe Vera Hair Food 400ml","Garnier","3600542398039","3.99","400ml (1 l = 9,98 €)","Drogerie & Kosmetik","False","https://img.rewe-static.de/7902846/33033720_digital-image.png"
"Garnier Wahre Schätze Shampoo anziehende Aktivkohle 250ml","Garnier","3600542512534","2.49","250ml (1 l = 9,96 €)","Drogerie & Kosmetik","False","https://img.rewe-static.de/8882926/38951113_digital-image.png"
"L'Oréal Paris Magic Retouch Ansatz-Kaschierspray braun bis mittelbraun 75ml","L'Oréal Paris","3600523193202","5.79","75ml (1 l = 77,20 €)","Drogerie & Kosmetik","False","https://img.rewe-static.de/2851716/28299524_digital-image.png"
"NIVEA Pflegeshampoo Color Schutz 250ml","NIVEA","4005900917867","2.99","250ml (1 l = 11,96 €)","Drogerie & Kosmetik","False","https://img.rewe-static.de/7158458/29520107_digital-image.png"
"Today Fußcreme Urea 100ml","Today","27147092","1.29","100ml (1 l = 12,90 €)","Drogerie & Kosmetik","False","https://img.rewe-static.de/2292023/23658122_digital-image.png"
"Today dent Interdentalbürsten ISO Gr.4 8 Stück","Today","26142821","1.79","8 Stück","Drogerie & Kosmetik","False","https://img.rewe-static.de/8782894/38674362_digital-image.png"
"schauma Shampoo Feuchtigkeit & Glanz 400ml","schauma","4015100747904","1.45","400ml (1 l = 3,63 €)","Drogerie & Kosmetik","False","https://img.rewe-static.de/8971490/43760581_digital-image.png"
"CD Mineraliendusche Totes Meer 250ml","CD","4045612009306","1.79","250ml","Drogerie & Kosmetik","False","https://img.rewe-static.de/7969313/40082111_digital-image.png"
"Foamie festes Shampoo geschädigtes Haar Hibiskus 80g","NA","4063528071545","4.99","80 Stück","Drogerie & Kosmetik","False","https://img.rewe-static.de/7876992/36248152_digital-image.png"
"Garnier Nutrisse 50 Hellbraun","Garnier","4002441020261","4.49","1 Stück","Drogerie & Kosmetik","False","https://img.rewe-static.de/3099393/10592170_digital-image.png"
"Herbacin Kamille Handcreme Tube 75ml","Herbacin","4013718021898","1.99","75ml (1 l = 26,53 €)","Drogerie & Kosmetik","False","https://img.rewe-static.de/3015766/25732375_digital-image.png"
"Today Nachtcreme Q10 50ml","Today","22123473","1.95","50ml (1 l = 39 €)","Drogerie & Kosmetik","False","https://img.rewe-static.de/1910755/21609895_digital-image.png"
"Veet Pure Kaltwachsstreifen Gesicht Sensible Haut 20 Stück","Veet","4002448101185","5.79","20 Stück","Drogerie & Kosmetik","False","https://img.rewe-static.de/3253073/29178242_digital-image.png"
"Axe Duschgel Black Vanilla 300ml","Axe","8720181423437","3.99","300ml (1 l = 13,30 €)","Drogerie & Kosmetik","False","https://img.rewe-static.de/7612333/43683347_digital-image.png"
"Batiste Trockenshampoo Original 200ml","Batiste","5010724527481","3.79","200ml (1 l = 18,95 €)","Drogerie & Kosmetik","False","https://img.rewe-static.de/8790834/36816777_digital-image.png"
"Batiste Trockenshampoo mit Farbe Blond 200ml","Batiste","5010724527467","3.99","200ml (1 l = 19,95 €)","Drogerie & Kosmetik","False","https://img.rewe-static.de/7204024/35752456_digital-image.png"
"NIVEA Men Original-Mild Intensive Feuchtigkeitscreme 50ml","NIVEA","4006000107622","5.99","50ml (1 l = 119,80 €)","Drogerie & Kosmetik","False","https://img.rewe-static.de/1948436/22771977_digital-image.png"
"Schwarzkopf got2b Paste Clay iStylers Texture starker Halt 75ml","Schwarzkopf","4015100800388","4.99","75ml (1 l = 66,53 €)","Drogerie & Kosmetik","False","https://img.rewe-static.de/1362328/21169590_digital-image.png"
"Today Fußdeo Fresh 200ml","Today","27262917","1.49","200ml (1 l = 7,45 €)","Drogerie & Kosmetik","False","https://img.rewe-static.de/2291817/23658187_digital-image.png"
"Today Maske Peel-Off Aktivkohle 15ml","Today","28374589","0.79","15ml (1 l = 52,67 €)","Drogerie & Kosmetik","False","https://img.rewe-static.de/7090938/27807378_digital-image.png"
"Today Tagescreme vital 50ml","Today","27281765","1.95","50ml (1 l = 39 €)","Drogerie & Kosmetik","False","https://img.rewe-static.de/2226301/23302858_digital-image.png"
"duniwell Einmalwaschlappen 6-lagig, 28 Stück","Duniwell","7321012001117","2.19","28 Stück","Drogerie & Kosmetik","False","https://img.rewe-static.de/8730665/35562023_digital-image.png"
"CD Duschgel Glücksgefühl 250ml","CD","4045612010203","1.79","250ml","Drogerie & Kosmetik","False","https://img.rewe-static.de/9091311/43295421_digital-image.png"
"Dove Deospray Kirschblütenduft 0% Aluminium 150ml","Dove","8720181277788","3.49","150ml (1 l = 23,27 €)","Drogerie & Kosmetik","False","https://img.rewe-static.de/7682973/43445914_digital-image.png"
"Gard Pump-Haarspray extra stark 145 ml","Gard","4013162030934","2.49","145ml (1 l = 17,17 €)","Drogerie & Kosmetik","False","https://img.rewe-static.de/8357699/30069879_digital-image.png"
"NIVEA Men Pflegeshampoo Deep Revitalisierend 250ml","NIVEA","4005900918116","2.99","250ml (1 l = 11,96 €)","Drogerie & Kosmetik","False","https://img.rewe-static.de/7156431/27935669_digital-image.png"
"Plantur 21 Nutri-Coffein Shampoo lange Haare 200ml","Plantur 21","4008666750389","7.99","200ml (1 l = 39,95 €)","Drogerie & Kosmetik","False","https://img.rewe-static.de/8359181/30069338_digital-image.png"
"Schwarzkopf taft Ultimate Haarlack Halt 5+ 250ml","taft","4015100810189","3.25","250ml (1 l = 13 €)","Drogerie & Kosmetik","False","https://img.rewe-static.de/8549177/37881012_digital-image.png"
"Today Discreet Hygiene Pants Super Größe L/XL 9 Stück","Today","26032597","6.89","9 Stück","Drogerie & Kosmetik","False","https://img.rewe-static.de/8907784/44266794_digital-image.png"
"Weleda Skin Food Light Feuchtigkeitspflege 75ml","Weleda","4001638501491","9.99","75ml (1 l = 133,20 €)","Drogerie & Kosmetik","False","https://img.rewe-static.de/8285281/29271526_digital-image.png"
"Danke Taschentücher 15x9 Stück","Danke","7322541349329","2.59","15x9 Stück","Drogerie & Kosmetik","False","https://img.rewe-static.de/8569632/43525058_digital-image.png"
"Dove Men+care advanced Deospray Clean Comfort 150ml","Dove","8720181284304","3.49","150ml (1 l = 23,27 €)","Drogerie & Kosmetik","False","https://img.rewe-static.de/7687343/40708880_digital-image.png"
"L'Oréal Men Expert Deo Roll-On Fresh Extreme 50ml","L'Oréal Paris","3600523741380","2.29","50ml (1 l = 45,80 €)","Drogerie & Kosmetik","False","https://img.rewe-static.de/0933799/9318850_digital-image.png"
"NIVEA Haarspray Diamant Glanz Extra stark 250ml","NIVEA","4005900749604","3.49","250ml (1 l = 13,96 €)","Drogerie & Kosmetik","False","https://img.rewe-static.de/7162063/28298592_digital-image.png"
"NIVEA Men Fresh Power Shampoo 250ml","NIVEA","4006000018652","2.99","250ml (1 l = 11,96 €)","Drogerie & Kosmetik","False","https://img.rewe-static.de/7699539/43242095_digital-image.png"
"NIVEA Men Original-Mild Rasiercreme 100ml","NIVEA","4005900613516","1.59","100ml (1 l = 15,90 €)","Drogerie & Kosmetik","False","https://img.rewe-static.de/2520699/10481940_digital-image.png"
"NIVEA Men Original-Mild Rasierschaum normale Haut 200ml","NIVEA","4005900922175","2.45","200ml (1 l = 12,25 €)","Drogerie & Kosmetik","False","https://img.rewe-static.de/4229762/1249560_digital-image.png"
"NIVEA Pflegespülung Color Schutz 200ml","NIVEA","4005900910103","2.99","200ml (1 l = 14,95 €)","Drogerie & Kosmetik","False","https://img.rewe-static.de/7172350/29329245_digital-image.png"
"NIVEA Schaumfestiger Diamant Volumen Ultra Stark 150 ml","NIVEA","4005900749369","3.49","150ml (1 l = 23,27 €)","Drogerie & Kosmetik","False","https://img.rewe-static.de/7164762/29945273_digital-image.png"
"NIVEA Styling Creme Gel Hair Styling Pflege & Halt 150ml","NIVEA","4005900183828","3.99","150ml (1 l = 26,60 €)","Drogerie & Kosmetik","False","https://img.rewe-static.de/2497528/24247497_digital-image.png"
"Palmolive Men Rasierschaum Sensitive mit Aloe Vera 300ml","Palmolive","8714789849195","2.49","300ml (1 l = 8,30 €)","Drogerie & Kosmetik","False","https://img.rewe-static.de/1933883/21454524_digital-image.png"
"Schwarzkopf Gliss Spülung verführerisch lang 200 ml","Gliss","4015100812312","2.99","200ml (1 l = 14,95 €)","Drogerie & Kosmetik","False","https://img.rewe-static.de/7207701/29945313_digital-image.png"
"Swiss-O-Par Vitamin-Haarkur Orange 25ml","Swiss-o-Par","41042649","0.65","25ml (1 l = 26 €)","Drogerie & Kosmetik","False","https://img.rewe-static.de/3649164/20695648_digital-image.png"
"Today Fußbalsam Soft 100ml","Today","24546843","1.29","100ml (1 l = 12,90 €)","Drogerie & Kosmetik","False","https://img.rewe-static.de/2291988/23658205_digital-image.png"
"Today Handdesinfektionsgel 50ml","Today","25827354","0.95","50ml (1 l = 19 €)","Drogerie & Kosmetik","False","https://img.rewe-static.de/8889249/39511888_digital-image.png"
"Today Schrundensalbe 50 ml","Today","24738040","1.25","50ml (1 l = 25 €)","Drogerie & Kosmetik","False","https://img.rewe-static.de/7074796/30939236_digital-image.png"
"Today Schuhdeo 200ml","Today","28257479","1.49","200ml (1 l = 7,45 €)","Drogerie & Kosmetik","False","https://img.rewe-static.de/7081350/29272262_digital-image.png"
"Veet Pure Kaltwachsstreifen Körper & Beine Sensible Haut 20 Stück","Veet","4002448101123","6.29","20 Stück","Drogerie & Kosmetik","False","https://img.rewe-static.de/3217598/27825702_digital-image.png"
"o.b. Tampons ProComfort Normal 16 Stück","o.b.","3574660235982","2.49","16 Stück","Drogerie & Kosmetik","False","https://img.rewe-static.de/0479055/31504831_digital-image.png"
"Bruno Banani Deospray Loyal Man 150ml","Bruno Banani","3616302035458","3.29","150ml (1 l = 21,93 €)","Drogerie & Kosmetik","False","https://img.rewe-static.de/8065206/30484153_digital-image.png"
"Dove Deospray Advanced Care Pfirsich- und weißer Blütenduft 150ml","Dove","8720181443565","3.49","150ml (1 l = 23,27 €)","Drogerie & Kosmetik","False","https://img.rewe-static.de/7595494/43526212_digital-image.png"
"Dr. Best Classic Zahnbürste Hoch-Tief mittel 1 Stück","Dr. Best","5054563924933","1.95","1 Stück","Drogerie & Kosmetik","False","https://img.rewe-static.de/8631111/33506252_digital-image.png"
"Garnier Hautklar Anti-Pickel Wasch-Gel 200ml","Garnier","4084200772901","2.59","200ml (1 l = 12,95 €)","Drogerie & Kosmetik","False","https://img.rewe-static.de/0705870/12281000_digital-image.png"
"Gillette Rasiergel Fusion 5 Ultra Sensitiv 200ml","Gillette","7702018622016","3.99","200ml (1 l = 19,95 €)","Drogerie & Kosmetik","False","https://img.rewe-static.de/7184559/27663857_digital-image.png"
"Herbal Essences Shampoo Blütensanft Rosenduft 350ml","Herbal Essences","8700216212748","3.99","350ml (1 l = 11,40 €)","Drogerie & Kosmetik","False","https://img.rewe-static.de/7606274/42886912_digital-image.png"
"L'Oréal Paris Spülung Dream Length Rapid Reviver 180ml","L'Oréal Paris","3600523709946","3.59","180ml","Drogerie & Kosmetik","False","https://img.rewe-static.de/8086509/43242018_digital-image.png"
"NIVEA Men Original-Mild Rasiergel normale Haut 200ml","NIVEA","4005900918666","2.99","200ml (1 l = 14,95 €)","Drogerie & Kosmetik","False","https://img.rewe-static.de/2740605/23732575_digital-image.png"
"NIVEA Men Sensitive Cool After Shave Balsam 100ml","NIVEA","4005900614049","5.45","100ml (1 l = 54,50 €)","Drogerie & Kosmetik","False","https://img.rewe-static.de/2120141/22978750_digital-image.png"
"NIVEA Nachtpflege Sensitive 50ml","NIVEA","4005900935502","5.49","50ml (1 l = 109,80 €)","Drogerie & Kosmetik","False","https://img.rewe-static.de/2135920/22393734_digital-image.png"
"Pantene Pro-V Shampoo 3in1 Volumen Pur 250ml","Pantene Pro-V","8001090633354","3.45","250ml (1 l = 13,80 €)","Drogerie & Kosmetik","False","https://img.rewe-static.de/7196735/27553271_digital-image.png"
"Poly Palette Intensiv-Creme-Coloration 500 Dunkelblond 115ml","Poly Palette","4015100816280","3.99","1ml","Drogerie & Kosmetik","False","https://img.rewe-static.de/3069437/26063868_digital-image.png"
"Poly Palette Intensiv-Creme-Coloration 750 Schokobraun 115ml","Poly Palette","4015100816167","3.99","1ml","Drogerie & Kosmetik","False","https://img.rewe-static.de/3069675/26380597_digital-image.png"
"Schwarzkopf Gliss Oil Nutritive Express-Repair-Spülung 200ml","Gliss","4015100813418","5.49","200ml (1 l = 27,45 €)","Drogerie & Kosmetik","False","https://img.rewe-static.de/7207882/29367437_digital-image.png"
"Snä Epil Enthaarungscreme Sensitiv 75ml","SNÄ Epil","4104260286122","1.99","75ml (1 l = 26,53 €)","Drogerie & Kosmetik","False","https://img.rewe-static.de/7167528/29390147_digital-image.png"
"Dove Advanced Care gofresh Granatapfel- und Zitronenverbenenduft 150ml","Dove","8720181291777","3.49","150ml (1 l = 23,27 €)","Drogerie & Kosmetik","False","https://img.rewe-static.de/7682094/39776523_digital-image.png"
"NIVEA Men Original-Mild After Shave Balsam 100ml","NIVEA","4005900612663","5.45","100ml (1 l = 54,50 €)","Drogerie & Kosmetik","False","https://img.rewe-static.de/0886947/2171430_digital-image.png"
"NIVEA Men Sensitiv Pro Rasierschaum 200ml","NIVEA","4005900873743","2.99","200ml (1 l = 14,95 €)","Drogerie & Kosmetik","False","https://img.rewe-static.de/7833060/43159957_digital-image.png"
"Plantur 39 Coffein-Shampoo Color 250ml","Plantur 39","4008666700902","9.99","250ml (1 l = 39,96 €)","Drogerie & Kosmetik","False","https://img.rewe-static.de/0396205/2510250_digital-image.png"
"Rexona Men Deospray Invisible Ice Fresh Anti-Transpirant 150ml","Rexona","8720181438752","2.99","150ml (1 l = 19,93 €)","Drogerie & Kosmetik","False","https://img.rewe-static.de/9053454/43467728_digital-image.png"
"Schwarzkopf Brillance Dunkelbraun Coloration 880","Schwarzkopf","4015100441512","5.99","1 Stück","Drogerie & Kosmetik","False","https://img.rewe-static.de/2646739/24800291_digital-image.png"
"Swiss-o-Par Spülung Silver 250ml","Swiss-o-Par","4104260074811","2.49","250ml (1 l = 9,96 €)","Drogerie & Kosmetik","False","https://img.rewe-static.de/2990550/28299664_digital-image.png"
"Today men Aftershave Extreme 100ml","Today","21712265","2.35","100ml (1 l = 23,50 €)","Drogerie & Kosmetik","False","https://img.rewe-static.de/1954546/21649806_digital-image.png"
"Today men Q10 Intensivcreme 50ml","Today","27281659","2.35","50ml (1 l = 47 €)","Drogerie & Kosmetik","False","https://img.rewe-static.de/1297919/20851005_digital-image.png"
"Alpecin Aktiv Shampoo Anti-Schuppen 250ml","Alpecin","4008666209016","5.99","250ml (1 l = 23,96 €)","Drogerie & Kosmetik","False","https://img.rewe-static.de/7957220/2902630_digital-image.png"
"Billy Boy Kondome Bunte Vielfalt 20 Stück","Billy Boy","4008600433736","11.99","20 Stück","Drogerie & Kosmetik","False","https://img.rewe-static.de/7613277/42615772_digital-image.png"
"Chaps Kondome Classic Natur 12 Stück","Chaps","4044571221217","3.49","12 Stück","Drogerie & Kosmetik","False","https://img.rewe-static.de/1382438/20602883_digital-image.png"
"Garnier Wahre Schätze Shampoo Grüner Tee 250ml","Garnier","3600542460194","2.49","250ml (1 l = 9,96 €)","Drogerie & Kosmetik","False","https://img.rewe-static.de/3279119/26489437_digital-image.png"
"L'Oréal Men Expert Barber Club Bartshampoo 200ml","L'Oréal Paris","3600524062651","6.99","200ml (1 l = 34,95 €)","Drogerie & Kosmetik","False","https://img.rewe-static.de/7128476/28183117_digital-image.png"
"L'Oréal Men Expert Feuchtigkeitscreme Hydra Intensive Frische & Pflege 50ml","L'Oréal Paris","3600522233039","5.99","50ml (1 l = 119,80 €)","Drogerie & Kosmetik","False","https://img.rewe-static.de/1377101/20758880_digital-image.png"
"Poly Palette Intensiv-Creme-Coloration 880 Aubergine 115ml","Poly Palette","4015100816327","3.99","1ml","Drogerie & Kosmetik","False","https://img.rewe-static.de/3069570/26380805_digital-image.png"
"Satin Care Dry Skin Rasiergel Shea Butter Silk 200ml","NA","8006540768914","2.99","200ml (1 l = 14,95 €)","Drogerie & Kosmetik","False","https://img.rewe-static.de/8422695/34945990_digital-image.png"
"Schwarzkopf Brillance 896 Schwarzrot Organdi","Schwarzkopf","4015100441710","5.99","1 Stück","Drogerie & Kosmetik","False","https://img.rewe-static.de/2647706/25871939_digital-image.png"
"Schwarzkopf Gliss Express-Repair-Spülung Liquid Silk 200 ml","Gliss","4015100813395","5.49","200ml (1 l = 27,45 €)","Drogerie & Kosmetik","False","https://img.rewe-static.de/7209381/29945294_digital-image.png"
"Schwarzkopf Gliss Kur Öl-Elixier Arganöl 75ml","Gliss","4015100813791","5.99","75ml (1 l = 79,87 €)","Drogerie & Kosmetik","False","https://img.rewe-static.de/7208566/31469053_digital-image.png"
"Schwarzkopf Taft Styling Gel Power Elastic Halt 5 150 ml","taft","4015100810929","2.99","150ml (1 l = 19,93 €)","Drogerie & Kosmetik","False","https://img.rewe-static.de/8547992/32629168_digital-image.png"
"Today Haarlack Power Ultra Stark 400ml","Today","28271512","1.53","400ml (1 l = 3,83 €)","Drogerie & Kosmetik","False","https://img.rewe-static.de/2530045/25176851_digital-image.png"
"Today Men Actiflex 3 Rasierer 2 Stück","Today","22353955","2.99","1 Stück","Drogerie & Kosmetik","False","https://img.rewe-static.de/2495126/24496542_digital-image.png"
"Axe Deo Spray Skateboard & Fresh Rose ohne Aluminium 150ml","Axe","8710847909542","3.95","150ml (1 l = 26,33 €)","Drogerie & Kosmetik","False","https://img.rewe-static.de/7996641/31322132_digital-image.png"
"Clearblue Schwangerschaftstest Anzeige der Wochen Digital 1 Stück","Clearblue","4015600522315","9.99","1 Stück","Drogerie & Kosmetik","False","https://img.rewe-static.de/7162394/34680217_digital-image.png"
"Dove Men+Care Deo Roll-On Clean Comfort 50ml","Dove","59095927","3.49","50ml (1 l = 69,80 €)","Drogerie & Kosmetik","False","https://img.rewe-static.de/8938693/39615227_digital-image.png"
"Garnier Nutrisse 80 Vanillablond","Garnier","4002441020193","4.49","1 Stück","Drogerie & Kosmetik","False","https://img.rewe-static.de/4575369/23235913_digital-image.png"
"Head & Shoulders Anti Schuppen Shampoo Derma x Pro Pflegende Feuchtigkeit 250ml","Head & Shoulders","8700216328609","4.99","250ml (1 l = 19,96 €)","Drogerie & Kosmetik","False","https://img.rewe-static.de/7602237/43905138_digital-image.png"
"L'Oréal Paris Magic Retouch Ansatz-Kaschierspray dunkelbraun bis schwarzbraun 75ml","L'Oréal Paris","3600523193196","5.79","75ml (1 l = 77,20 €)","Drogerie & Kosmetik","False","https://img.rewe-static.de/2851729/32237187_digital-image.png"
"NIVEA Vital Tagespflege Intensiv-Plus Anti-Falten 50ml","NIVEA","4006000043128","7.99","50ml (1 l = 159,80 €)","Drogerie & Kosmetik","False","https://img.rewe-static.de/2249302/23256063_digital-image.png"
"Old Spice Deostick Whitewater 50ml","Old Spice","8001841923765","2.69","50ml (1 l = 53,80 €)","Drogerie & Kosmetik","False","https://img.rewe-static.de/1293860/29117327_digital-image.png"
"Plantur 21 Nutri Conditioner lange Haare 175ml","Plantur 21","4008666750396","5.99","175ml (1 l = 34,23 €)","Drogerie & Kosmetik","False","https://img.rewe-static.de/8360285/30069189_digital-image.png"
"Schwarzkopf got2b Schutzengel Hitzeschutzlotion 200ml","Schwarzkopf","4015100800128","4.99","200ml (1 l = 24,95 €)","Drogerie & Kosmetik","False","https://img.rewe-static.de/0906687/25171289_digital-image.png"
"Syoss Color Shampoo 440ml","Syoss","4015100336504","2.59","440ml (1 l = 5,89 €)","Drogerie & Kosmetik","False","https://img.rewe-static.de/8465412/31617279_digital-image.png"
"Syoss Permanente Coloration 3-1 Dunkelbraun 1 Stück","Syoss","4015100324389","4.79","1 Stück","Drogerie & Kosmetik","False","https://img.rewe-static.de/2653199/24954682_digital-image.png"
"Today For Men Energy-Fluid 50ml","Today","22154866","2.35","50ml (1 l = 47 €)","Drogerie & Kosmetik","False","https://img.rewe-static.de/1297917/21404544_digital-image.png"
"Today Fusscreme Hirschtalg 100ml","Today","21757860","1.99","100ml (1 l = 19,90 €)","Drogerie & Kosmetik","False","https://img.rewe-static.de/7776798/37078017_digital-image.png"
"Always Discreet Blasenschwäche Höschen M 10 Stück","Always","8700216224918","8.99","10 Stück","Drogerie & Kosmetik","False","https://img.rewe-static.de/7611156/42255746_digital-image.png"
"L'Oréal Paris Feuchtigkeitspflege Nachts Anti-Falten-Experte 65+ 50ml","L'Oréal Paris","3600523428045","4.45","50ml (1 l = 89 €)","Drogerie & Kosmetik","False","https://img.rewe-static.de/8307213/29407765_digital-image.png"
"NIVEA Hühneraugen-Druckschutzringe 20 Stück","NIVEA","4005800486005","2.99","20 Stück","Drogerie & Kosmetik","False","https://img.rewe-static.de/0088896/29320564_digital-image.png"
"Parsa Beauty Nagelknipser 6cm","Parsa Beauty","4001065690959","3.99","1 Stück","Drogerie & Kosmetik","False","https://img.rewe-static.de/8353973/37845357_digital-image.png"
"Plantur 39 Coffein-Tonikum 200ml","Plantur 39","4008666700209","9.99","200ml (1 l = 49,95 €)","Drogerie & Kosmetik","False","https://img.rewe-static.de/0085442/10579840_digital-image.png"
"Schaebens Anti-Hornhaut Fussmaske 2 Stück","Schaebens","4003573021720","4.29","2 Stück","Drogerie & Kosmetik","False","https://img.rewe-static.de/8849700/41676421_digital-image.png"
"Schwarzkopf Brillance Intensiv-Color-Creme 864 Rehbraun 143ml","Schwarzkopf","4015100441406","5.99","1 Stück","Drogerie & Kosmetik","False","https://img.rewe-static.de/2646604/27709064_digital-image.png"
"Brisk Frisiercreme 100ml","Brisk","5014697020307","1.59","100ml (1 l = 15,90 €)","Drogerie & Kosmetik","False","https://img.rewe-static.de/5410681/1623900_digital-image.png"
"Carefree Slipeinlagen Plus Normal mit Frischeduft 56 Stück","Carefree","3574661487311","2.95","56 Stück","Drogerie & Kosmetik","False","https://img.rewe-static.de/8759542/36637201_digital-image.png"
"Guhl Shampoo Langzeit Volumen 250ml","Guhl","4072600282427","3.99","250ml (1 l = 15,96 €)","Drogerie & Kosmetik","False","https://img.rewe-static.de/8330783/37997113_digital-image.png"
"L'Oréal Men Expert Barber Club Bartöl für Haut und Bart 30ml","L'Oréal Paris","3600523526109","6.99","30ml (1 l = 233 €)","Drogerie & Kosmetik","False","https://img.rewe-static.de/7128279/27181894_digital-image.png"
"L'Oréal Paris Anti-Falten Experte Feuchtigkeitspflege Tag 50ml","L'Oréal Paris","3600523428052","4.45","50ml (1 l = 89 €)","Drogerie & Kosmetik","False","https://img.rewe-static.de/7265585/27910915_digital-image.png"
"L'Oréal Paris Magic Retouch Ansatz-Kaschierspray light blond 9.3 75ml","L'Oréal Paris","3600523735792","5.79","75ml (1 l = 77,20 €)","Drogerie & Kosmetik","False","https://img.rewe-static.de/8335578/29833812_digital-image.png"
"Pantene Pro-V 1 Minuten Kur Wunderampulle 15ml","Pantene Pro-V","4084500390089","1.99","15ml (1 l = 132,67 €)","Drogerie & Kosmetik","False","https://img.rewe-static.de/2362491/23685892_digital-image.png"
"Parsa Beauty Nature Love Nagelbürste rosa","Parsa Beauty","4001065504065","2.49","1 Stück","Drogerie & Kosmetik","False","https://img.rewe-static.de/8952724/43760414_digital-image.png"
"Poly Palette Intensiv-Creme-Coloration 909 Blauschwarz 115ml","Poly Palette","4015100816082","3.99","1ml","Drogerie & Kosmetik","False","https://img.rewe-static.de/3069568/26380588_digital-image.png"
"Sante Naturkosmetik Glanz Schampoo Fest 60g","SANTE","4025089085034","5.99","60g","Drogerie & Kosmetik","False","https://img.rewe-static.de/3673569/43905874_digital-image.png"
"Schwarzkopf Brillance Intensiv-Color-Creme 842 Kaschmir-Rot 143ml","Schwarzkopf","4015100441321","5.99","1 Stück","Drogerie & Kosmetik","False","https://img.rewe-static.de/2646512/25662070_digital-image.png"
"Schwarzkopf Brillance Intensiv-Color-Creme 876 Edel-Mahagoni 143ml","Schwarzkopf","4015100441499","5.99","1 Stück","Drogerie & Kosmetik","False","https://img.rewe-static.de/2646690/27709160_digital-image.png"
"Schwarzkopf Brillance Intensiv-Color-Creme 890 schwarz 143ml","Schwarzkopf","4015100441673","5.99","1 Stück","Drogerie & Kosmetik","False","https://img.rewe-static.de/2647677/25952071_digital-image.png"
"Schwarzkopf Gliss Kur Shampoo Ultimate Repair 250ml","Gliss","4015100812374","2.99","250ml (1 l = 11,96 €)","Drogerie & Kosmetik","False","https://img.rewe-static.de/7230090/27592392_digital-image.png"
"Schwarzkopf Poly Palette Intensiv Creme Coloration 645 6-65 Honigbraun 115ml","Poly Palette","4015100816181","3.99","1ml","Drogerie & Kosmetik","False","https://img.rewe-static.de/3069450/31504907_digital-image.png"
"Schwarzkopf Seborin Hair Tonic 300ml","Schwarzkopf","4012800003743","3.99","300ml","Drogerie & Kosmetik","False","https://img.rewe-static.de/1289705/43445210_digital-image.png"
"Vivess Waschhandschuh braun","Vivess","4337256607063","1.69","1 Stück","Drogerie & Kosmetik","False","https://img.rewe-static.de/8986210/41523559_digital-image.png"
"Vivess Waschhandschuh grau","Vivess","4337256616874","1.69","1 Stück","Drogerie & Kosmetik","False","https://img.rewe-static.de/7693309/41523474_digital-image.png"
"today men Rasierklingen X3 Actiflex 10 Stück","Today","21181450","4.99","10 Stück","Drogerie & Kosmetik","False","https://img.rewe-static.de/7845122/35551963_digital-image.png"
"Blend-a-dent Zahncreme Hygienic 75ml","Blend-a-dent","4001478456760","1.99","75ml (1 l = 26,53 €)","Drogerie & Kosmetik","False","https://img.rewe-static.de/0039004/23180989_digital-image.png"
"Bulldog Original Rasierklingen 4 Stück","Bulldog","5060144646361","7.99","4 Stück","Drogerie & Kosmetik","False","https://img.rewe-static.de/7926704/32629628_digital-image.png"
"Durex Kondome Hautnah extra feucht 8 Stück","Durex","4002448190240","12.49","8 Stück","Drogerie & Kosmetik","False","https://img.rewe-static.de/8914692/40873999_digital-image.png"
"Durex Play Massage- & Gleitgel 2in1 200ml","Durex","5038483962657","10.49","200ml (1 l = 52,45 €)","Drogerie & Kosmetik","False","https://img.rewe-static.de/1226297/22336836_digital-image.png"
"Garnier Nutrisse 43 Goldbraun","Garnier","4002441020087","4.49","1 Stück","Drogerie & Kosmetik","False","https://img.rewe-static.de/4575660/7604730_digital-image.png"
"Garnier Nutrisse 70 Mittelblond","Garnier","4002441020278","4.49","1 Stück","Drogerie & Kosmetik","False","https://img.rewe-static.de/0921165/10592490_digital-image.png"
"Garnier Nutrisse 90 Hellblond","Garnier","4002441020209","4.49","1 Stück","Drogerie & Kosmetik","False","https://img.rewe-static.de/4575296/1491360_digital-image.png"
"L' Oreal Men Expert Hydra Energy 50ml","L'Oréal Paris","3600524071004","7.49","50ml (1 l = 149,80 €)","Drogerie & Kosmetik","False","https://img.rewe-static.de/2016161/26403691_digital-image.png"
"L'Oréal Paris Anti-Falten Experte Feuchtigkeitspflege Nacht 55+ Calcium 50ml","L'Oréal Paris","3600523350186","4.45","50ml (1 l = 89 €)","Drogerie & Kosmetik","False","https://img.rewe-static.de/3206283/26211077_digital-image.png"
"L'Oréal Paris Magic Retouch Ansatz-Kaschierspray dunkelblond bis hellbraun 75ml","L'Oréal Paris","3600523193219","5.79","75ml (1 l = 77,20 €)","Drogerie & Kosmetik","False","https://img.rewe-static.de/2851700/31503849_digital-image.png"
"Moskinto Insektenstichpflaster 24 Stück","NA","4260522560819","5.99","24 Stück","Drogerie & Kosmetik","False","https://img.rewe-static.de/7608154/42192415_digital-image.png"
"NIVEA Shampoo Diamant Glanz 250ml","NIVEA","4005900917904","2.99","250ml (1 l = 11,96 €)","Drogerie & Kosmetik","False","https://img.rewe-static.de/7156123/37602364_digital-image.png"
"NIVEA Sun Spray Schutz Pflege LSF 50 200ml","NIVEA","4005808856695","9.99","200ml (1 l = 49,95 €)","Drogerie & Kosmetik","False","https://img.rewe-static.de/6280633/22393203_digital-image.png"
"Nature Box Festes Shampoo mit Avocado-Öl 85g","Nature Box","4015100426908","4.59","85g (1 kg = 54 €)","Drogerie & Kosmetik","False","https://img.rewe-static.de/8373640/31092550_digital-image.png"
"Neutrogena Hydro Boost Aqua Creme 50ml","Neutrogena","3574661554297","9.99","50ml (1 l = 199,80 €)","Drogerie & Kosmetik","False","https://img.rewe-static.de/7163141/35288861_digital-image.png"
"Parsa Beauty Essential Nagelknipser 8cm","Parsa Beauty","4001065690843","4.49","1 Stück","Drogerie & Kosmetik","False","https://img.rewe-static.de/8051926/42910185_digital-image.png"
"Parsa Beauty Haarklammer schwarz","Parsa Beauty","4001065523240","2.99","1 Stück","Drogerie & Kosmetik","False","https://img.rewe-static.de/1367258/37845461_digital-image.png"
"Parsa Beauty Haarschere","Parsa Beauty","4001065460484","9.99","1 Stück","Drogerie & Kosmetik","False","https://img.rewe-static.de/7150996/33802547_digital-image.png"
"Parsa Beauty Langschmal Haarbürste","Parsa Beauty","4001065637015","5.99","1 Stück","Drogerie & Kosmetik","False","https://img.rewe-static.de/8233043/43242317_digital-image.png"
"Plantur 39 Pflege-Spülung für coloriertes Haar 150ml","Plantur 39","4008666701602","6.99","150ml (1 l = 46,60 €)","Drogerie & Kosmetik","False","https://img.rewe-static.de/0710931/23199696_digital-image.png"
"Scholl Fresh Step Fuss Deo Extra Frisch 150ml","Scholl","5038483498347","2.49","150ml (1 l = 16,60 €)","Drogerie & Kosmetik","False","https://img.rewe-static.de/0491175/22914387_digital-image.png"
"Schwarzkopf got2b Phenomenal Forming Paste 100ml","Schwarzkopf","4015100800265","4.99","100ml","Drogerie & Kosmetik","False","https://img.rewe-static.de/2350652/41875146_digital-image.png"
"Syoss Permanente Coloration 4-1 Mittelbraun 1 Stück","Syoss","4015100323986","4.79","1 Stück","Drogerie & Kosmetik","False","https://img.rewe-static.de/2653519/31505123_digital-image.png"
"Autan Tropical Mückenschutz Dry Spray 100ml","Autan","5000204330090","6.99","100ml (1 l = 69,90 €)","Drogerie & Kosmetik","False","https://img.rewe-static.de/9028727/42083052_digital-image.png"
"Garnier Bio Nacht-Öl Bio-Hanf 30ml","Garnier","3600542361149","9.99","30ml (1 l = 333 €)","Drogerie & Kosmetik","False","https://img.rewe-static.de/8473284/31586928_digital-image.png"
"Head & Shoulders Anti-Schuppen Shampoo Classic Clean Alu-Spender 430ml","Head & Shoulders","8001841990293","9.99","430ml (1 l = 23,23 €)","Drogerie & Kosmetik","False","https://img.rewe-static.de/8539872/32799440_digital-image.png"
"L'Oréal Paris Golden Age Nachtcreme 50ml","L'Oréal Paris","3600523242696","13.99","50ml (1 l = 279,80 €)","Drogerie & Kosmetik","False","https://img.rewe-static.de/2769931/24979069_digital-image.png"
"Parsa Beauty Hautschere gebogen","Parsa Beauty","4001065689540","7.99","1 Stück","Drogerie & Kosmetik","False","https://img.rewe-static.de/8350768/36594232_digital-image.png"
"Parsa Beauty Holzhaarbürste groß","Parsa Beauty","4001065263603","4.49","1 Stück","Drogerie & Kosmetik","False","https://img.rewe-static.de/0951632/23531081_digital-image.png"
"Parsa Beauty Zopfhalter Bambus Viskose","Parsa Beauty","4001065695091","3.49","1 Stück","Drogerie & Kosmetik","False","https://img.rewe-static.de/8332513/43527882_digital-image.png"
"Sante Naturkosmetik Spülung Bio-Mango & Aloe Vera 150ml","SANTE","4025089084969","3.99","150ml (1 l = 26,60 €)","Drogerie & Kosmetik","False","https://img.rewe-static.de/3669472/33555395_digital-image.png"
"Today Sonnenmilch LSF 30, 300ml","Today","21278099","4.79","300ml (1 l = 15,97 €)","Drogerie & Kosmetik","False","https://img.rewe-static.de/8709800/34700703_digital-image.png"
"Today Sun After Sun 300ml","Today","22575289","2.99","300ml (1 l = 9,97 €)","Drogerie & Kosmetik","False","https://img.rewe-static.de/7636144/41953394_digital-image.png"
"t.o.c. Menstruationstasse Größe M 1 Stück","NA","9120044182072","8.95","1 Stück","Drogerie & Kosmetik","False","https://img.rewe-static.de/8080072/29665134_digital-image.png"
"Always Discreet Blasenschwäche Höschen L 9 Stück","Always","8700216224970","8.99","9 Stück","Drogerie & Kosmetik","False","https://img.rewe-static.de/9040759/42255687_digital-image.png"
"Autan Protect Plus Pumpspray 100ml","Autan","5000204093957","6.99","100ml (1 l = 69,90 €)","Drogerie & Kosmetik","False","https://img.rewe-static.de/8244313/29271926_digital-image.png"
"Billy Boy Kondome Länger Lieben 10 Stück","Billy Boy","4008600433729","7.49","10 Stück","Drogerie & Kosmetik","False","https://img.rewe-static.de/9037668/43597877_digital-image.png"
"Durex Kondome Gefühlsecht Ultra 8 Stück","Durex","4002448190189","10.49","8 Stück","Drogerie & Kosmetik","False","https://img.rewe-static.de/8914376/40933481_digital-image.png"
"Garnier Bio Gesichtspflege Rosy Glow 50ml","Garnier","3600542397568","7.95","50ml","Drogerie & Kosmetik","False","https://img.rewe-static.de/8581515/33555412_digital-image.png"
"Head & Shoulders DermaX Pro Kopfhautpflege Beruhigend 200ml","Head & Shoulders","8006540444009","4.79","200ml (1 l = 23,95 €)","Drogerie & Kosmetik","False","https://img.rewe-static.de/8709395/35150455_digital-image.png"
"Head & Shoulders Pflegespülung Derma x Pro Hydra Kopfhautpflege 220ml","Head & Shoulders","8700216328746","4.99","220ml (1 l = 22,68 €)","Drogerie & Kosmetik","False","https://img.rewe-static.de/9058148/45202912_digital-image.png"
"Herbal Essences Feuchtigkeit Aloe Vera Shampoo 350ml","Herbal Essences","8700216212786","3.99","350ml (1 l = 11,40 €)","Drogerie & Kosmetik","False","https://img.rewe-static.de/9050878/43449052_digital-image.png"
"Kneipp Fußbadekristalle Calendula Orangenöl 40g","Kneipp","4008233137001","1.29","40g (1 kg = 32,25 €)","Drogerie & Kosmetik","False","https://img.rewe-static.de/3138809/27708122_digital-image.png"
"L'Oreal Men Expert Falten Stop 50ml","L'Oréal Paris","3600524070793","7.99","50ml (1 l = 159,80 €)","Drogerie & Kosmetik","False","https://img.rewe-static.de/9946560/31181371_digital-image.png"
"L'Oréal Paris Dream Length Wonder Water 200ml","L'Oréal Paris","3600523970605","7.99","200ml","Drogerie & Kosmetik","False","https://img.rewe-static.de/7823348/43905721_digital-image.png"
"Pantene Pro-V Shampoo Repair & Care 550ml","Pantene Pro-V","8001090845726","6.49","550ml","Drogerie & Kosmetik","False","https://img.rewe-static.de/8845053/38122886_digital-image.png"
"Parsa Beauty Essential Föhnbürste doppelseitig","Parsa Beauty","4001065689106","3.99","1 Stück","Drogerie & Kosmetik","False","https://img.rewe-static.de/8351869/43469290_digital-image.png"
"Parsa Beauty Essential Nagelfeilpapier 10 Stück","Parsa Beauty","4001065174787","1.99","10 Stück","Drogerie & Kosmetik","False","https://img.rewe-static.de/7842462/43469714_digital-image.png"
"Parsa Beauty Essential Spezialfeile für Dünne, Weiche Nägel","Parsa Beauty","4001065174718","2.99","1 Stück","Drogerie & Kosmetik","False","https://img.rewe-static.de/7843555/43544400_digital-image.png"
"Parsa Beauty Essential Spezialfeile für Starke Nägel und Kunstnägel","Parsa Beauty","4001065174725","2.99","1 Stück","Drogerie & Kosmetik","False","https://img.rewe-static.de/8682256/43461300_digital-image.png"
"Parsa Beauty Essential Stylingkamm Braun","Parsa Beauty","4001065711432","3.49","1 Stück","Drogerie & Kosmetik","False","https://img.rewe-static.de/8051036/43528118_digital-image.png"
"Parsa Beauty Essential Zopfhalter Mini Braun","Parsa Beauty","4001065431927","2.99","1 Stück","Drogerie & Kosmetik","False","https://img.rewe-static.de/3023396/43545428_digital-image.png"
"Parsa Beauty Haarklemmen","Parsa Beauty","4001065228268","1.99","25 Stück","Drogerie & Kosmetik","False","https://img.rewe-static.de/1213560/23531121_digital-image.png"
"Parsa Beauty Nagelschere","Parsa Beauty","4001065178068","10.99","1 Stück","Drogerie & Kosmetik","False","https://img.rewe-static.de/7843426/36818850_digital-image.png"
"Parsa Beauty Paddle Bürste matt groß","Parsa Beauty","4001065470582","6.99","1 Stück","Drogerie & Kosmetik","False","https://img.rewe-static.de/7150734/43760878_digital-image.png"
"Parsa Beauty Professional Kombi Nagelschere","Parsa Beauty","4001065178082","10.99","1 Stück","Drogerie & Kosmetik","False","https://img.rewe-static.de/8684328/39609261_digital-image.png"
"Parsa Beauty Taschenbürste","Parsa Beauty","4001065583817","4.99","1 Stück","Drogerie & Kosmetik","False","https://img.rewe-static.de/8979756/43461739_digital-image.png"
"Parsa Beauty Volumenbürste 19mm","Parsa Beauty","4001065637077","5.99","1 Stück","Drogerie & Kosmetik","False","https://img.rewe-static.de/8233248/43242531_digital-image.png"
"Parsa Men Haar-und Bartschere","Parsa Beauty","4001065691833","8.99","1 Stück","Drogerie & Kosmetik","False","https://img.rewe-static.de/8048128/44177808_digital-image.png"
"Parsa Men Haarbürste lang","Parsa Beauty","4001065901826","7.49","1 Stück","Drogerie & Kosmetik","False","https://img.rewe-static.de/8438255/43526409_digital-image.png"
"Poly Palette Intensiv-Creme-Coloration 100 Ultra Blond 115ml","Poly Palette","4015100815849","3.99","1ml","Drogerie & Kosmetik","False","https://img.rewe-static.de/3069465/26109080_digital-image.png"
"Poly Palette Intensiv-Creme-Coloration 650 Kastanie 115ml","Poly Palette","4015100816266","3.99","1ml","Drogerie & Kosmetik","False","https://img.rewe-static.de/3069455/26108926_digital-image.png"
"Poly Palette Intensiv-Creme-Coloration 878 Mahagoni 115ml","Poly Palette","4015100815900","3.99","1 Stück","Drogerie & Kosmetik","False","https://img.rewe-static.de/3069574/43845122_digital-image.png"
"Poly Palette Intensiv-Creme-Coloration U71 Kühles Silbergrau","Poly Palette","4015100816044","3.99","1 Stück","Drogerie & Kosmetik","False","https://img.rewe-static.de/8394775/31504909_digital-image.png"
"Ritex Kondome XXL 8 Stück","Ritex","4001669418027","5.99","8 Stück","Drogerie & Kosmetik","False","https://img.rewe-static.de/0341158/23273210_digital-image.png"
"Schwarzkopf Ansatzset A1 Hell-bis Mittelbraun","Schwarzkopf","4015100816341","4.99","1 Stück","Drogerie & Kosmetik","False","https://img.rewe-static.de/9940451/46625840_digital-image.png"
"Schwarzkopf Brillance 862 Naturbraun","Schwarzkopf","4015100443141","5.99","1 Stück","Drogerie & Kosmetik","False","https://img.rewe-static.de/2646576/25952074_digital-image.png"
"Schwarzkopf Brillance 874 Samtbraun","Schwarzkopf","4015100441475","5.99","1 Stück","Drogerie & Kosmetik","False","https://img.rewe-static.de/2646673/25952068_digital-image.png"
"Schwarzkopf Brillance Intensiv-Color-Creme 859 Violette Wildseide 143ml","Schwarzkopf","4015100441369","5.99","1 Stück","Drogerie & Kosmetik","False","https://img.rewe-static.de/2646531/27709058_digital-image.png"
"Schwarzkopf Brillance Intensiv-Color-Creme 891 Blau-Schwarz","Schwarzkopf","4015100441697","5.99","1 Stück","Drogerie & Kosmetik","False","https://img.rewe-static.de/2647678/35146823_digital-image.png"
"Schwarzkopf Gliss Shampoo Schutz & Glanz 250ml","Gliss","4015100812596","2.99","250ml (1 l = 11,96 €)","Drogerie & Kosmetik","False","https://img.rewe-static.de/7209062/28339054_digital-image.png"
"Swiss-O-Par Haarkur Silver 150ml","Swiss-o-Par","4104260074866","2.69","150ml (1 l = 17,93 €)","Drogerie & Kosmetik","False","https://img.rewe-static.de/1952836/22613807_digital-image.png"
"Syoss Permanente Coloration 4-8 Schokobraun 1 Stück","Syoss","4015100324105","4.79","1 Stück","Drogerie & Kosmetik","False","https://img.rewe-static.de/2653622/31505124_digital-image.png"
"Syoss Salonplex Permanente Coloration 1-1 Schwarz 1 Stück","Syoss","4015100324068","4.79","1 Stück","Drogerie & Kosmetik","False","https://img.rewe-static.de/2652444/27633177_digital-image.png"
"Today Fußbad 200ml","Today","21932052","1.99","200ml (1 l = 9,95 €)","Drogerie & Kosmetik","False","https://img.rewe-static.de/2292026/23859731_digital-image.png"
"Today Men Klingen X3 Actiflex 10 Stück","Today","20300951","4.99","10 Stück","Drogerie & Kosmetik","False","https://img.rewe-static.de/8468987/32090145_digital-image.png"
"Today Sun After Sun Aloe Vera Gel 300ml","Today","22611475","3.29","300ml (1 l = 10,97 €)","Drogerie & Kosmetik","False","https://img.rewe-static.de/7636948/41953410_digital-image.png"
"Today Sun Sonnenbalsam Sensitiv LSF 30 150ml","Today","22581112","4.89","150ml (1 l = 32,60 €)","Drogerie & Kosmetik","False","https://img.rewe-static.de/9001364/41854093_digital-image.png"
"Today Sun Sonnenmilch LSF 30 300ml","Today","22583000","4.45","300ml (1 l = 14,83 €)","Drogerie & Kosmetik","False","https://img.rewe-static.de/9004976/41854101_digital-image.png"
"Today Sun Sonnenspray Sport LSF 50 200ml","Today","22581921","5.99","200ml (1 l = 29,95 €)","Drogerie & Kosmetik","False","https://img.rewe-static.de/9095340/41953388_digital-image.png"
"Today Sun Transparentes Sonnenspray LSF50 200ml","Today","22553010","5.29","200ml (1 l = 26,45 €)","Drogerie & Kosmetik","False","https://img.rewe-static.de/9006333/41953352_digital-image.png"
"Today transparentes Sonnenspray LSF30 200ml","Today","22577337","4.29","200ml (1 l = 21,45 €)","Drogerie & Kosmetik","False","https://img.rewe-static.de/7636556/41948946_digital-image.png"
"Vivess Ersatzklingen","Vivess","8004627310506","2.49","5 Stück","Drogerie & Kosmetik","False","https://img.rewe-static.de/8099501/31343839_digital-image.png"
"Vivess Waschhandschuh grün","Vivess","4337256615631","1.69","1 Stück","Drogerie & Kosmetik","False","https://img.rewe-static.de/7695511/45161805_digital-image.png"
"ja! Komfort Toilettenpapier 3-lagig 10x220 Blatt","ja!","4337256707718","4.15","10x220 Stück","Drogerie & Kosmetik","False","https://img.rewe-static.de/8994944/42679334_digital-image.png"
"ja! Recycling Toilettenpapier 3-lagig 8x200 Blatt","ja!","4337256529426","2.45","8x200 Stück","Drogerie & Kosmetik","False","https://img.rewe-static.de/0954667/31444648_digital-image.png"
"ja! Komfort Toilettenpapier 3-lagig 4x220 Blatt","ja!","4337256700665","1.99","4x220 Stück","Drogerie & Kosmetik","False","https://img.rewe-static.de/7644785/43242684_digital-image.png"
"ja! Feuchtes Toilettenpapier Sensitiv 2x70 Tücher","ja!","4388860451108","1.25","2x70 Stück","Drogerie & Kosmetik","False","https://img.rewe-static.de/8033362/31444619_digital-image.png"
"ja! Taschentücher super-soft 4-lagig 15x10 Stück","ja!","4337256480529","1.75","15x10 Stück","Drogerie & Kosmetik","False","https://img.rewe-static.de/7203709/29833944_digital-image.png"
"ja! Feuchtes Toilettenpapier Kamille 2x70 Stück","ja!","4388860448696","1.25","2x70 Stück","Drogerie & Kosmetik","False","https://img.rewe-static.de/8379864/31444577_digital-image.png"
"ja! Super-Soft Toilettenpapier 4-lagig 10x200 Blatt","ja!","4337256703253","5.15","10x200 Stück","Drogerie & Kosmetik","False","https://img.rewe-static.de/8994273/42679328_digital-image.png"
"ja! Super-Soft Toilettenpapier 4-lagig 16x200 Blatt","ja!","4337256706582","7.69","16x200 Stück","Drogerie & Kosmetik","False","https://img.rewe-static.de/7644482/43059912_digital-image.png"
"ja! Komfort Toilettenpapier 3-lagig 16x220 Blatt","ja!","4337256708050","5.99","16x220 Stück","Drogerie & Kosmetik","False","https://img.rewe-static.de/8995577/42893406_digital-image.png"
"ja! Taschentücher 4-lagig 30x10 Stück","ja!","4337256483513","2.85","30x10 Stück","Drogerie & Kosmetik","False","https://img.rewe-static.de/3139867/32174864_digital-image.png"
"Oro di Parma Passierte Tomaten 400g","Oro di Parma","4008100168046","1.99","400g (1 kg = 4,98 €)","Fertiggerichte & Konserven","False","https://img.rewe-static.de/0517611/20221278_digital-image.png"
"Oro di Parma Stückige Tomaten 400g","Oro di Parma","4008100168039","1.99","400g (1 kg = 4,98 €)","Fertiggerichte & Konserven","False","https://img.rewe-static.de/0517610/20511337_digital-image.png"
"Maggi Fix Nudel Schinken Gratin 33g","Maggi","7613287054197","1.09","33g (1 kg = 33,03 €)","Fertiggerichte & Konserven","False","https://img.rewe-static.de/7916171/32805579_digital-image.png"
"Feinkost Popp Pell-Kartoffelsalat Ei und Gurke 400g","Popp","4045800445497","2.49","400g (1 kg = 6,23 €)","Fertiggerichte & Konserven","False","https://img.rewe-static.de/8087228/29223053_digital-image.png"
"Kühne Dänischer Gurkensalat 360g","Kühne","40804019","2.49","360g (1 kg = 6,92 €)","Fertiggerichte & Konserven","False","https://img.rewe-static.de/5722926/715890_digital-image.png"
"Knorr Fix Hackfleisch-Käse-Suppe 58g","Knorr","8717163865606","0.99","58g (1 kg = 17,07 €)","Fertiggerichte & Konserven","False","https://img.rewe-static.de//8047289/32062111_digital-image.png"
"Lawa Feine Pfannkuchen 300g, 5 Stück","Lawa","4016287009663","1.39","300g (1 kg = 4,63 €)","Fertiggerichte & Konserven","False","https://img.rewe-static.de/3507769/4964280_digital-image.png"
"Knorr Fix Spaghetti Bolognese 40g","Knorr","8720182480866","0.99","40g (1 kg = 24,75 €)","Fertiggerichte & Konserven","False","https://img.rewe-static.de/7744178/37356610_digital-image.png"
"REWE Beste Wahl Burgergurken würzig-süß 170g","REWE Beste Wahl","4337256840019","0.99","170g (1 kg = 5,82 €)","Fertiggerichte & Konserven","False","https://img.rewe-static.de/7679345/39326557_digital-image.png"
"Nongshim Instant Nudelsuppe Spicy 120g","Nongshim","8801043150620","1.89","120g (1 kg = 15,75 €)","Fertiggerichte & Konserven","False","https://img.rewe-static.de/2661224/27895677_digital-image.png"
"Kühne Silberzwiebeln 190g","Kühne","40804477","1.59","190g (1 kg = 8,37 €)","Fertiggerichte & Konserven","False","https://img.rewe-static.de/5571421/1311350_digital-image.png"
"Kühne Rotkohl Servierfertig 700g","Kühne","40198859","2.19","700g (1 kg = 3,13 €)","Fertiggerichte & Konserven","False","https://img.rewe-static.de/8051829/32077652_digital-image.png"
"Maggi Fix Spaghetti Bolognese 36g","Maggi","7613287054333","1.09","36g (1 kg = 30,28 €)","Fertiggerichte & Konserven","False","https://img.rewe-static.de/8569272/32805600_digital-image.png"
"Meica Curryking fix & fertig 220g","Meica","4000503280004","2.69","220g (1 kg = 12,23 €)","Fertiggerichte & Konserven","False","https://img.rewe-static.de/2511304/1450500_digital-image.png"
"Hengstenberg Knax Gewürzgurken 360g","Hengstenberg","40081410","2.99","360g (1 kg = 8,31 €)","Fertiggerichte & Konserven","False","https://img.rewe-static.de/4009240/21169819_digital-image.png"
"Popp Gurkensalat 400g","Popp","4045800475210","2.49","400g (1 kg = 6,23 €)","Fertiggerichte & Konserven","False","https://img.rewe-static.de/2291940/981240_digital-image.png"
"Deutsche See Thunfisch in Aufguss MSC 140g","Deutsche See","4009239608694","2.79","140g (1 kg = 19,93 €)","Fertiggerichte & Konserven","False","https://img.rewe-static.de/8704086/36304974_digital-image.png"
"Maggi 5 Minuten Terrine Makkaroni mit Käse 63g","Maggi","7613287129741","1.49","63g (1 kg = 23,65 €)","Fertiggerichte & Konserven","False","https://img.rewe-static.de/8542320/33973003_digital-image.png"
"Youcook Indian Style Butter Chicken 420g","Youcook","4260334164168","4.49","420g (1 kg = 10,69 €)","Fertiggerichte & Konserven","False","https://img.rewe-static.de/9109894/46745618_digital-image.png"
"Knorr Fix Nudel-Broccoli Auflauf 3 Portionen","Knorr","8718114827773","0.99","46g (1 kg = 21,52 €)","Fertiggerichte & Konserven","False","https://img.rewe-static.de/1014917/22437679_digital-image.png"
"Bonduelle Grüne Bohnen 220g","Bonduelle","3083681160833","1.79","220g (1 kg = 8,14 €)","Fertiggerichte & Konserven","False","https://img.rewe-static.de/7708607/38309029_digital-image.png"
"Homann Gablerollmops 250g","Homann","4030800068494","3.99","250g (1 kg = 15,96 €)","Fertiggerichte & Konserven","False","https://img.rewe-static.de/7851210/34755501_digital-image.png"
"Maggi Magic Asia Gebratene Nudeln Ente 119g","Maggi","7613030700067","1.49","119g (1 kg = 12,52 €)","Fertiggerichte & Konserven","False","https://img.rewe-static.de/4750950/3228770_digital-image.png"
"Dreistern Hähnchenfleisch im eigenen Saft 300g","Dreistern","4006276024074","3.29","300g (1 kg = 10,97 €)","Fertiggerichte & Konserven","False","https://img.rewe-static.de/0516679/22455688_digital-image.png"
"Meggle Laugenbaguette Kräuterbutter 160g","Meggle","4034900032782","1.99","160g (1 kg = 12,44 €)","Fertiggerichte & Konserven","False","https://img.rewe-static.de/1312351/20828052_digital-image.png"
"Maggi 5 Minuten Terrine Gulaschtopf 57g","Maggi","7613035587427","1.49","57g (1 kg = 26,14 €)","Fertiggerichte & Konserven","False","https://img.rewe-static.de/2950924/25640615_digital-image.png"
"Böklunder Kleine Wiener 150g, 6 Stück","Böklunder","4000404243559","2.59","150g (1 kg = 17,27 €)","Fertiggerichte & Konserven","False","https://img.rewe-static.de/7942683/32223029_digital-image.png"
"Knorr Carbonara 155g","Knorr","8720182408815","1.19","155g (1 kg = 7,68 €)","Fertiggerichte & Konserven","False","https://img.rewe-static.de/7782003/38259829_digital-image.png"
"Kühne Schlemmertöpfchen mild-würzige Gürkchen 300g","Kühne","4012200417607","3.49","300g (1 kg = 11,63 €)","Fertiggerichte & Konserven","False","https://img.rewe-static.de/2815630/1437880_digital-image.png"
"Erasco Hacksteaks in Sauce mit Kartoffelpüree und Erbsen und Möhren 480g","Erasco","4037300124606","3.69","480g (1 kg = 7,69 €)","Fertiggerichte & Konserven","False","https://img.rewe-static.de/3225991/26336123_digital-image.png"
"Bürger Schwäbische Maultaschen traditionell 360g","Bürger","4075600055039","2.19","360g (1 kg = 6,08 €)","Fertiggerichte & Konserven","False","https://img.rewe-static.de/8218587/1905830_digital-image.png"
"REWE Bio Tomaten in Stücken 280g","REWE Bio","4337256353014","0.65","280g (1 kg = 1,63 €)","Fertiggerichte & Konserven","False","https://img.rewe-static.de/0810934/5306310_digital-image.png"
"REWE Bio Kichererbsen 215g","REWE Bio","4337256179447","1.15","215g (1 kg = 5,35 €)","Fertiggerichte & Konserven","False","https://img.rewe-static.de/7055914/27084991_digital-image.png"
"REWE Bio Gemüsebrühe 140g","REWE Bio","4337256534888","1.39","140g (1 kg = 9,93 €)","Fertiggerichte & Konserven","False","https://img.rewe-static.de/8360458/30349713_digital-image.png"
"REWE Bio Passata passierte Tomaten 700g","REWE Bio","4337256343107","1.59","700g (1 kg = 2,27 €)","Fertiggerichte & Konserven","False","https://img.rewe-static.de/0294936/1893540_digital-image.png"
"REWE Bio Apfelmark 360g","REWE Bio","4337256158824","1.15","360g (1 kg = 3,19 €)","Fertiggerichte & Konserven","False","https://img.rewe-static.de/7955323/32330803_digital-image.png"
"Saupiquet Thunfisch Naturale ohne Öl 140g","Saupiquet","3165957380012","2.99","140g (1 kg = 21,36 €)","Fertiggerichte & Konserven","False","https://img.rewe-static.de/2071371/2519210_digital-image.png"
"Knorr Spaghetteria Spinaci 160g","Knorr","8720182406354","1.19","160g (1 kg = 7,44 €)","Fertiggerichte & Konserven","False","https://img.rewe-static.de/7783107/39220839_digital-image.png"
"REWE Beste Wahl Weiße Bohnen 420g","REWE Beste Wahl","4337256300841","1.79","420g (1 kg = 4,26 €)","Fertiggerichte & Konserven","False","https://img.rewe-static.de/0116832/22179101_digital-image.png"
"REWE Beste Wahl stückige Tomaten 400g","REWE Beste Wahl","4337256376709","1.19","400g (1 kg = 2,98 €)","Fertiggerichte & Konserven","False","https://img.rewe-static.de/7211940/27781052_digital-image.png"
"Knorr Pasta Snack Pot Tomato & Mozzarella 63g","Knorr","8720182839619","1.49","63g (1 kg = 23,65 €)","Fertiggerichte & Konserven","False","https://img.rewe-static.de/7573007/44533457_digital-image.png"
"REWE Beste Wahl Sonnenmais Supersweet 140g","REWE Beste Wahl","4337256454858","0.79","140g (1 kg = 5,64 €)","Fertiggerichte & Konserven","False","https://img.rewe-static.de/7252558/28341104_digital-image.png"
"Knorr Pasta Snack Pot Tomate & Kräuter 69g","Knorr","8714100697368","1.49","69g (1 kg = 21,59 €)","Fertiggerichte & Konserven","False","https://img.rewe-static.de/3068672/26111471_digital-image.png"
"REWE Beste Wahl Tortelloni Spinat-Ricotta 500g","REWE Beste Wahl","4337256672092","3.49","500g (1 kg = 6,98 €)","Fertiggerichte & Konserven","False","https://img.rewe-static.de/0561994/22923468_digital-image.png"
"Maggi Ravioli in Tomatensauce 800g","Maggi","4005500339403","2.99","800g (1 kg = 3,74 €)","Fertiggerichte & Konserven","False","https://img.rewe-static.de/0166774/1127270_digital-image.png"
"Popp Farmersalat 200g","Popp","4045800770834","2.19","200g (1 kg = 10,95 €)","Fertiggerichte & Konserven","False","https://img.rewe-static.de/1134642/20128000_digital-image.png"
"Spreewaldhof Letscho-Gemüse 680g","Spreewaldhof","4012712004821","1.99","680g (1 kg = 2,93 €)","Fertiggerichte & Konserven","False","https://img.rewe-static.de/8238901/23975087_digital-image.png"
"Knorr Fix Hackbraten für 4 Portionen","Knorr","8717163861783","0.99","70g (1 kg = 14,14 €)","Fertiggerichte & Konserven","False","https://img.rewe-static.de/8376330/30278112_digital-image.png"
"Kühne Dänischer Gurkensalat 185g","Kühne","40804699","2.19","185g (1 kg = 11,84 €)","Fertiggerichte & Konserven","False","https://img.rewe-static.de/1429519/22372833_digital-image.png"
"Meica Kohlkönig Kochmettwurst 400g","Meica","4000503290805","3.29","400g (1 kg = 8,23 €)","Fertiggerichte & Konserven","False","https://img.rewe-static.de/4001524/2393930_digital-image.png"
"Meica Volle Kelle Lauch-Käse-Eintopf mit Hackfleisch 450g","Meica","4000503243801","3.59","450g (1 kg = 7,98 €)","Fertiggerichte & Konserven","False","https://img.rewe-static.de/7969343/31716772_digital-image.png"
"Maggi Gartengemüse Bouillon 130g","Maggi","7613039660874","1.99","130g (1 kg = 15,31 €)","Fertiggerichte & Konserven","False","https://img.rewe-static.de/8419775/31076887_digital-image.png"
"REWE Beste Wahl Reispapier ø22cm 100g","REWE Beste Wahl","4337256808699","0.89","100g (1 kg = 8,90 €)","Fertiggerichte & Konserven","False","https://img.rewe-static.de/7529560/43788136_digital-image.png"
"Kühne Fix & Fertig Grünkohl 660g","Kühne","40804095","2.49","660ml (1 kg = 3,77 €)","Fertiggerichte & Konserven","False","https://img.rewe-static.de/0480945/751000_digital-image.png"
"Meica Saft-Bockwurst extra zart 360g, 8 Stück","Meica","4000503120508","4.79","360g (1 kg = 13,31 €)","Fertiggerichte & Konserven","False","https://img.rewe-static.de/6744672/1210340_digital-image.png"
"REWE Beste Wahl Kartoffelsalat mit Ei & Gurke 400g","REWE Beste Wahl","21270017","1.69","400g (1 kg = 4,23 €)","Fertiggerichte & Konserven","False","https://img.rewe-static.de/0277688/20250499_digital-image.png"
"Odenwald Apfelkompott mit Stücken 370g","Odenwald","4008122018442","2.69","350g (1 kg = 7,69 €)","Fertiggerichte & Konserven","False","https://img.rewe-static.de/7940097/33563314_digital-image.png"
"Oyakata Japanese Curry 90g","OYAKATA","5901384504854","1.69","90g (1 kg = 18,78 €)","Fertiggerichte & Konserven","False","https://img.rewe-static.de/8052019/36172863_digital-image.png"
"Erasco Lübecker Hochzeitssuppe 390ml","Erasco","4037300107340","1.79","390ml (1 l = 4,59 €)","Fertiggerichte & Konserven","False","https://img.rewe-static.de/6736467/1661260_digital-image.png"
"Feinkost Dittmann Oliven grün mit Paprikapaste 85g","Feinkost Dittmann","4002239493000","1.99","85g (1 kg = 23,41 €)","Fertiggerichte & Konserven","False","https://img.rewe-static.de/0903310/22429894_digital-image.png"
"Maggi Klare Suppe mit Rind 160g, ergibt 8x1l","Maggi","7613287094261","1.99","8l (1 l = 0,25 €)","Fertiggerichte & Konserven","False","https://img.rewe-static.de/7915602/33381940_digital-image.png"
"Knorr Fix Paprika-Rahm Schnitzel 3 Portionen","Knorr","8718114823621","0.99","43g (1 kg = 23,02 €)","Fertiggerichte & Konserven","False","https://img.rewe-static.de/1016486/8923110_digital-image.png"
"Meica Snibbels 207g","Meica","4000503290201","2.49","207g (1 kg = 12,03 €)","Fertiggerichte & Konserven","False","https://img.rewe-static.de/2221055/23276598_digital-image.png"
"Spreewald-Feldmann Salz Dill Gurken 370g","Spreewald-Feldmann","4250262708299","2.19","370g (1 kg = 5,92 €)","Fertiggerichte & Konserven","False","https://img.rewe-static.de/8299323/2097490_digital-image.png"
"REWE Beste Wahl Peperoni feurig-scharf 165g","REWE Beste Wahl","4337256046817","1.49","165g (1 kg = 9,03 €)","Fertiggerichte & Konserven","False","https://img.rewe-static.de/0117199/25987764_digital-image.png"
"Leimer Backerbsen 200g","Leimer","4000186032204","1.99","200g (1 kg = 9,95 €)","Fertiggerichte & Konserven","False","https://img.rewe-static.de/5400562/2069430_digital-image.png"
"Knorr Fix Kartoffel Gratin 3 Portionen","Knorr","8718114824932","0.99","37g (1 kg = 26,76 €)","Fertiggerichte & Konserven","False","https://img.rewe-static.de/1014908/9689510_digital-image.png"
"Bonduelle Bio Kidney Bohnen 250g","Bonduelle","3083681052831","2.29","250g (1 kg = 9,16 €)","Fertiggerichte & Konserven","False","https://img.rewe-static.de/3068496/28057297_digital-image.png"
"Bonduelle Champignons Scheiben 1. Wahl 115g","Bonduelle","3083680019880","2.19","115g (1 kg = 19,04 €)","Fertiggerichte & Konserven","False","https://img.rewe-static.de/0744165/23331149_digital-image.png"
"Böklunder Dicke Bockwürste im Schweinedarm 310g, 5 Stück","Böklunder","4000404241456","4.19","310g (1 kg = 13,52 €)","Fertiggerichte & Konserven","False","https://img.rewe-static.de/6394477/3235260_digital-image.png"
"Valenzi Shiitake Erntefrisch Verarbeitet 180g","Valenzi","4100240120585","1.89","100g","Fertiggerichte & Konserven","False","https://img.rewe-static.de/8936959/43467734_digital-image.png"
"Hareico Holsteiner Schinken-Wiener 250g","Hareico","4008262154109","3.79","250g (1 kg = 15,16 €)","Fertiggerichte & Konserven","False","https://img.rewe-static.de/8251030/28666940_digital-image.png"
"Nongshim Instantnudeln Veggie 112g","Nongshim","8801043022705","1.89","112g (1 kg = 16,88 €)","Fertiggerichte & Konserven","False","https://img.rewe-static.de/3252534/27895920_digital-image.png"
"Erasco Kartoffel-Cremesuppe 390ml","Erasco","4037300107357","1.79","390ml (1 l = 4,59 €)","Fertiggerichte & Konserven","False","https://img.rewe-static.de/0870960/3341990_digital-image.png"
"Hawesta Heringsfilets in Balkan-Sauce 200g","Hawesta","4006922002401","1.99","200g (1 kg = 9,95 €)","Fertiggerichte & Konserven","False","https://img.rewe-static.de/4441311/913700_digital-image.png"
"Knorr Fix Gulasch 49g","Knorr","8720182483645","0.99","49g (1 kg = 20,20 €)","Fertiggerichte & Konserven","False","https://img.rewe-static.de/8908890/37356629_digital-image.png"
"Tante Fanny Frischer Flammkuchenteig 260g","Tante Fanny","9120003412240","1.79","260g (1 kg = 6,88 €)","Fertiggerichte & Konserven","False","https://img.rewe-static.de/0471691/961940_digital-image.png"
"REWE Beste Wahl Grüne Oliven gefüllt mit Mandeln 160g","REWE Beste Wahl","4337256043380","2.29","160g (1 kg = 14,31 €)","Fertiggerichte & Konserven","False","https://img.rewe-static.de/1134690/23277619_digital-image.png"
"Ibero Kapern Nonpareilles 35g","Ibero","4013200552237","1.59","35g (1 kg = 45,43 €)","Fertiggerichte & Konserven","False","https://img.rewe-static.de/1057263/22459154_digital-image.png"
"REWE Beste Wahl Rote Pfefferonen 270g","REWE Beste Wahl","4337256369893","2.29","270g (1 kg = 8,48 €)","Fertiggerichte & Konserven","False","https://img.rewe-static.de/8674102/36086154_digital-image.png"
"Dongwon Kimchi Chinakohl 160g","Dongwong","8801047625469","2.89","160g (1 kg = 18,06 €)","Fertiggerichte & Konserven","False","https://img.rewe-static.de/7823607/34976648_digital-image.png"
"REWE Beste Wahl Vegetarische Linsensuppe 400ml","REWE Beste Wahl","4337256513043","1.69","400ml (1 l = 4,23 €)","Fertiggerichte & Konserven","False","https://img.rewe-static.de/7291313/28313544_digital-image.png"
"Fitini Apfelkompott 370ml","Fitini","4012712010402","2.29","340ml (1 kg = 6,74 €)","Fertiggerichte & Konserven","False","https://img.rewe-static.de/2550075/1755280_digital-image.png"
"REWE Beste Wahl Griechische Pfefferonen scharf 125g","REWE Beste Wahl","4337256360715","1.29","125g (1 kg = 10,32 €)","Fertiggerichte & Konserven","False","https://img.rewe-static.de/1302379/21512477_digital-image.png"
"REWE Bio Grüne Oliven 180g","REWE Bio","4337256269513","1.89","180g (1 kg = 10,50 €)","Fertiggerichte & Konserven","False","https://img.rewe-static.de/8295555/29734500_digital-image.png"
"Kuchnia Polska Salzgurken im Beutel 400g","NA","5905162000033","1.99","400g (1 kg = 4,98 €)","Fertiggerichte & Konserven","False","https://img.rewe-static.de/2151743/27511978_digital-image.png"
"Dovgan Auberginenpüree 350g","Dovgan","4032549010963","2.59","350g","Fertiggerichte & Konserven","False","https://img.rewe-static.de/2180597/43524182_digital-image.png"
"REWE Bio Linsenbolognese vegan 400g","REWE Bio","4337256542937","2.29","400g (1 kg = 5,73 €)","Fertiggerichte & Konserven","False","https://img.rewe-static.de/7729583/39089775_digital-image.png"
"Hengstenberg Mein Mildessa Mildes gekochtes Sauerkraut 130g","Hengstenberg","4008100154285","1.39","130g (1 kg = 10,69 €)","Fertiggerichte & Konserven","False","https://img.rewe-static.de/8332180/30324482_digital-image.png"
"Spreewaldhof Das andere Apfelmus 350g","Spreewaldhof","4012712000366","1.49","350g (1 kg = 4,26 €)","Fertiggerichte & Konserven","False","https://img.rewe-static.de/0405451/8133960_digital-image.png"
"Kühne Apfelrotkohl fix & fertig 400g","Kühne","4012200463604","1.99","400g (1 kg = 4,98 €)","Fertiggerichte & Konserven","False","https://img.rewe-static.de/2464696/25573476_digital-image.png"
"Feinkost Dittmann Jalapeño-Pfefferonen grün & geschnitten 160g","Feinkost Dittmann","4002239639705","2.49","160g (1 kg = 15,56 €)","Fertiggerichte & Konserven","False","https://img.rewe-static.de/2182747/22701554_digital-image.png"
"Giovanni Rana Tortelloni Steinpilze 250g","Giovanni Rana","8001665727464","3.79","250g (1 kg = 15,16 €)","Fertiggerichte & Konserven","False","https://img.rewe-static.de/7591561/42956191_digital-image.png"
"REWE Bio Kokosmilch 400ml","REWE Bio","4337256670890","1.49","400ml (1 l = 3,73 €)","Fertiggerichte & Konserven","False","https://img.rewe-static.de/3274843/26765592_digital-image.png"
"Knorr Fix Geschnetzeltes Züricher Art 54g","Knorr","8720182429568","0.99","54g (1 kg = 18,33 €)","Fertiggerichte & Konserven","False","https://img.rewe-static.de/8789228/36686065_digital-image.png"
"REWE Bio Champignons in Scheiben 170g","REWE Bio","4337256283427","1.69","170g (1 kg = 9,94 €)","Fertiggerichte & Konserven","False","https://img.rewe-static.de/8613784/36129458_digital-image.png"
"Meica Truemans American Hot-Dog 350g","Meica","4000503122403","3.49","350g (1 kg = 9,97 €)","Fertiggerichte & Konserven","True","https://img.rewe-static.de/8568677/3184730_digital-image.png"
"REWE Beste Wahl Rote Paprika eingelegt 300g","REWE Beste Wahl","4337256297264","1.49","300g (1 kg = 4,97 €)","Fertiggerichte & Konserven","False","https://img.rewe-static.de/0117311/21538630_digital-image.png"
"REWE Bio Sonnenmais 140g","REWE Bio","4337256679145","0.89","140g (1 kg = 6,36 €)","Fertiggerichte & Konserven","False","https://img.rewe-static.de/0371375/29196838_digital-image.png"
"Yum Yum Instant Nudeln mit Entengeschmack 60g","YumYum","8852018101031","0.49","60g (1 kg = 8,17 €)","Fertiggerichte & Konserven","True","https://img.rewe-static.de/6805604/22290217_digital-image.png"
"Popp Feiner Nudelsalat Schinkenwurst und Gemüse 400g","Popp","4045800700459","2.49","400g (1 kg = 6,23 €)","Fertiggerichte & Konserven","False","https://img.rewe-static.de/8394658/30687938_digital-image.png"
"Tante Fanny Quiche- & Tarteteig rund 300g","Tante Fanny","9120003411632","1.69","300g (1 kg = 5,63 €)","Fertiggerichte & Konserven","False","https://img.rewe-static.de/2222012/22800233_digital-image.png"
"Bonduelle Erbsen & Möhrchen 265g","Bonduelle","3083681157888","1.79","265g (1 kg = 6,75 €)","Fertiggerichte & Konserven","False","https://img.rewe-static.de/8891715/38309016_digital-image.png"
"REWE Bio Cappelletti Spinat-Ricotta 250g","REWE Bio","4337256607858","2.19","250g (1 kg = 8,76 €)","Fertiggerichte & Konserven","False","https://img.rewe-static.de/0278145/2664570_digital-image.png"
"Maggi Fix Senf-Eier 41g","Maggi","8445290056566","1.09","41g (1 kg = 26,59 €)","Fertiggerichte & Konserven","False","https://img.rewe-static.de/8738879/36248052_digital-image.png"
"REWE Beste Wahl Knoblauch nach toskanischer Art 180g","REWE Beste Wahl","4337256048422","1.89","190g (1 kg = 9,95 €)","Fertiggerichte & Konserven","False","https://img.rewe-static.de/2953035/25702156_digital-image.png"
"Maggi Magic Asia Instant Nudeln Snack Curry 62g","Maggi","7613036480505","0.69","62g (1 kg = 11,13 €)","Fertiggerichte & Konserven","False","https://img.rewe-static.de/8137478/28462456_digital-image.png"
"Bonduelle Kidney Bohnen 125g","Bonduelle","3083680043151","1.39","125g (1 kg = 11,12 €)","Fertiggerichte & Konserven","False","https://img.rewe-static.de/4012186/21882691_digital-image.png"
"Erasco Spargel-Cremesuppe 390ml","Erasco","4037300107647","1.79","390ml (1 l = 4,59 €)","Fertiggerichte & Konserven","False","https://img.rewe-static.de/6744001/22372206_digital-image.png"
"REWE Beste Wahl Tortelloni Spinat-Ricotta 250g","REWE Beste Wahl","4337256670128","1.89","250g (1 kg = 7,56 €)","Fertiggerichte & Konserven","False","https://img.rewe-static.de/0118045/22927279_digital-image.png"
"Maggi für Genießer Spargel Cremesuppe, ergibt 500ml","Maggi","7613036041966","1.19","500ml (1 l = 2,38 €)","Fertiggerichte & Konserven","False","https://img.rewe-static.de/7139879/27203034_digital-image.png"
"Hawesta Heringsfilets in Toskana-Sauce 200g","Hawesta","4006922001206","1.99","200g (1 kg = 9,95 €)","Fertiggerichte & Konserven","False","https://img.rewe-static.de/3457311/3834230_digital-image.png"
"REWE Beste Wahl Schwarze Bohnen 400g","REWE Beste Wahl","4337256672047","1.39","240g (1 kg = 5,79 €)","Fertiggerichte & Konserven","False","https://img.rewe-static.de/8967708/40054849_digital-image.png"
"REWE Bio Selleriesalat 190g","REWE Bio","4337256258487","0.99","190g (1 kg = 5,21 €)","Fertiggerichte & Konserven","False","https://img.rewe-static.de/1409704/21221999_digital-image.png"
"Saupiquet Thunfisch in Olivenöl 140g","Saupiquet","3165950308075","3.29","140g (1 kg = 23,50 €)","Fertiggerichte & Konserven","False","https://img.rewe-static.de/0044665/6011310_digital-image.png"
"Maggi 5 Minuten Terrine Kartoffelbrei mit Fleischklößchen 46g","Maggi","7613035509092","1.49","46g (1 kg = 32,39 €)","Fertiggerichte & Konserven","False","https://img.rewe-static.de/2950925/25640631_digital-image.png"
"Bonduelle Goldmais Texas-Mix 265g","Bonduelle","3083680685542","1.79","265g (1 kg = 6,75 €)","Fertiggerichte & Konserven","False","https://img.rewe-static.de/5389712/6226440_digital-image.png"
"REWE Beste Wahl Kirschgrütze 360g","REWE Beste Wahl","4337256103053","1.69","360g (1 kg = 4,69 €)","Fertiggerichte & Konserven","False","https://img.rewe-static.de/0436948/22950981_digital-image.png"
"REWE Beste Wahl Peperoncini mild 210g","REWE Beste Wahl","4337256042710","1.99","210g (1 kg = 9,48 €)","Fertiggerichte & Konserven","False","https://img.rewe-static.de/0117210/21480954_digital-image.png"
"Bonduelle Linsen 265g","Bonduelle","3083680002752","1.79","265g (1 kg = 6,75 €)","Fertiggerichte & Konserven","False","https://img.rewe-static.de/7561458/7463220_digital-image.png"
"Bonduelle Bio Champignons 170g","Bonduelle","3083681093551","2.19","170g (1 kg = 12,88 €)","Fertiggerichte & Konserven","False","https://img.rewe-static.de/8130476/28779240_digital-image.png"
"Kühne Feine Cornichons 190g","Kühne","40804613","2.39","190g (1 kg = 12,58 €)","Fertiggerichte & Konserven","False","https://img.rewe-static.de/0283509/3931930_digital-image.png"
"REWE Beste Wahl Gefüllte Weinblätter mit Reis 200g","REWE Beste Wahl","4337256044363","1.69","200g (1 kg = 8,45 €)","Fertiggerichte & Konserven","False","https://img.rewe-static.de/8364343/30349466_digital-image.png"
"Lysell Hanseatenröllchen 90g","Lysell","4044491054469","2.99","90g (1 kg = 23,92 €)","Fertiggerichte & Konserven","False","https://img.rewe-static.de/0180610/1335650_digital-image.png"
"Kühne Fix & Fertig Rotkohl 370ml","Kühne","40804453","1.39","355g (1 kg = 3,92 €)","Fertiggerichte & Konserven","False","https://img.rewe-static.de/2604329/8134470_digital-image.png"
"Kühne Maiskölbchen 110g","Kühne","40804385","2.89","110g (1 kg = 26,27 €)","Fertiggerichte & Konserven","False","https://img.rewe-static.de/0283371/25092977_digital-image.png"
"REWE Bio Apfel-Bananenmark 360g","REWE Bio","4337256369633","1.15","360g (1 kg = 3,19 €)","Fertiggerichte & Konserven","False","https://img.rewe-static.de/0208864/1641100_digital-image.png"
"Yum Yum Japanese Chicken Flavour 60g","YumYum","8852018101154","0.49","60g (1 kg = 8,17 €)","Fertiggerichte & Konserven","True","https://img.rewe-static.de/3382272/31505907_digital-image.png"
"Maggi Fix Geschnetzeltes Zürcher Art 47g","Maggi","7613287238603","1.09","47g (1 kg = 23,19 €)","Fertiggerichte & Konserven","False","https://img.rewe-static.de/8567584/32805594_digital-image.png"
"Tante Fanny Frischer Butter Blätterteig 280g","Tante Fanny","9120003414824","2.79","280g (1 kg = 9,96 €)","Fertiggerichte & Konserven","False","https://img.rewe-static.de/8008857/31237369_digital-image.png"
"Bonduelle Goldmais mit Chili 310g","Bonduelle","3083681043815","1.79","310g (1 kg = 5,77 €)","Fertiggerichte & Konserven","False","https://img.rewe-static.de/2324850/23295606_digital-image.png"
"Kühne Fasskraut 680g","Kühne","4012200505359","1.99","650g (1 kg = 3,06 €)","Fertiggerichte & Konserven","False","https://img.rewe-static.de/0203680/2456520_digital-image.png"
"Zum Dorfkrug Erdbeer-Rhabarber-Grütze 360g","Zum Dorfkrug","4260054653201","2.49","360g (1 kg = 6,92 €)","Fertiggerichte & Konserven","False","https://img.rewe-static.de/2814963/25192514_digital-image.png"
"REWE Beste Wahl Käse-Würfel aus altem Gouda 175g","REWE Beste Wahl","4337256849401","2.99","175g (1 kg = 17,09 €)","Fertiggerichte & Konserven","False","https://img.rewe-static.de/9015613/42761656_digital-image.png"
"Palirria gebackene Riesenbohnen 280g","Palirria","5201119000164","2.99","280g (1 kg = 10,68 €)","Fertiggerichte & Konserven","False","https://img.rewe-static.de/3394883/26966178_digital-image.png"
"Feinkost Dittmann Tomaten halbgetrocknet 190g","Feinkost Dittmann","4002239692700","4.49","190g (1 kg = 13,61 €)","Fertiggerichte & Konserven","False","https://img.rewe-static.de/0895553/24084883_digital-image.png"
"Kühne Schlemmertöpfchen mit Kräutern verfeinert 300g","Kühne","4012200046654","3.49","300g (1 kg = 11,63 €)","Fertiggerichte & Konserven","False","https://img.rewe-static.de/0422223/1249960_digital-image.png"
"REWE Beste Wahl Spargelköpfe 110g","REWE Beste Wahl","4337256659161","1.99","110g (1 kg = 18,09 €)","Fertiggerichte & Konserven","False","https://img.rewe-static.de/0137791/22899182_digital-image.png"
"Libby's Pfirsiche in Hälften natursüß 240g","Libby's","7613034229069","2.29","240g (1 kg = 9,54 €)","Fertiggerichte & Konserven","False","https://img.rewe-static.de/1989044/22485072_digital-image.png"
"Knorr Fix Würstchen Gulasch 44g","Knorr","8720182427564","0.99","44g (1 kg = 22,50 €)","Fertiggerichte & Konserven","False","https://img.rewe-static.de/8785736/36686464_digital-image.png"
"Knorr Fix Ofen-Makkaroni Alla Mamma für 3 Portionen","Knorr","8717163861844","0.99","48g (1 kg = 20,63 €)","Fertiggerichte & Konserven","False","https://img.rewe-static.de/8048267/30278621_digital-image.png"
"Christians Grød Gurkensalat 325g","Christians Grød","5701116208162","2.29","325g (1 kg = 7,05 €)","Fertiggerichte & Konserven","False","https://img.rewe-static.de/0850496/15815640_digital-image.png"
"Libby's Mandarin-Orangen natursüß 175g","Libby's","40056555","2.29","175g (1 kg = 13,09 €)","Fertiggerichte & Konserven","False","https://img.rewe-static.de/1989055/21393802_digital-image.png"
"Maggi Fix Käsespätzle 30g","Maggi","7613287238368","1.09","30g (1 kg = 36,33 €)","Fertiggerichte & Konserven","False","https://img.rewe-static.de/7914577/33052665_digital-image.png"
"Knorr Fix Lasagne 43g","Knorr","8710522968833","0.99","43g (1 kg = 23,02 €)","Fertiggerichte & Konserven","False","https://img.rewe-static.de/8558364/33053652_digital-image.png"
"Meica Mini Wini Singles extra zart 260g","Meica","4000503121802","4.49","260g (1 kg = 17,27 €)","Fertiggerichte & Konserven","False","https://img.rewe-static.de/7201788/9686110_digital-image.png"
"Block House Brot Knoblauch 250g","Block House","4009286220009","2.79","250g (1 kg = 11,16 €)","Fertiggerichte & Konserven","False","https://img.rewe-static.de/6823467/3415960_digital-image.png"
"REWE Beste Wahl Weinblätter orientalische Art 200g","REWE Beste Wahl","4337256803854","1.69","200g (1 kg = 8,45 €)","Fertiggerichte & Konserven","False","https://img.rewe-static.de/7594475/43864417_digital-image.png"
"Maggi Fix für Rouladen 33g","Maggi","7613036028608","1.09","33g (1 kg = 33,03 €)","Fertiggerichte & Konserven","False","https://img.rewe-static.de/2732759/24934153_digital-image.png"
"Bonduelle Goldmais Kentucky Mix 140g","Bonduelle","3083680539500","1.39","140g (1 kg = 9,93 €)","Fertiggerichte & Konserven","False","https://img.rewe-static.de/2901102/30062790_digital-image.png"
"Maggi Fix Teriyaki Hähnchen 43g","Maggi","8445291085855","1.09","43g (1 kg = 25,35 €)","Fertiggerichte & Konserven","False","https://img.rewe-static.de/7623172/41726977_digital-image.png"
"Diamond Bambusstreifen 175g","Diamond","4316734049977","2.19","175g (1 kg = 12,51 €)","Fertiggerichte & Konserven","False","https://img.rewe-static.de/3043768/30354957_digital-image.png"
"REWE Beste Wahl Grüne Oliven ohne Stein 135g","REWE Beste Wahl","4337256786393","1.99","135g (1 kg = 14,74 €)","Fertiggerichte & Konserven","False","https://img.rewe-static.de/1302314/24394385_digital-image.png"
"Nissin Cup Noodles Tasty Chicken 63g","Nissin","5997523313005","1.19","63g (1 kg = 18,89 €)","Fertiggerichte & Konserven","False","https://img.rewe-static.de/8039604/30582565_digital-image.png"
"Rewe Bio Gemüsebrühe 290g","REWE Bio","4337256276115","2.99","290g (1 kg = 10,31 €)","Fertiggerichte & Konserven","False","https://img.rewe-static.de/7032815/26740207_digital-image.png"
"HAK Edamame Bohnen 120g","HAK","8720600618956","2.19","120g (1 kg = 18,25 €)","Fertiggerichte & Konserven","False","https://img.rewe-static.de/8412191/31173998_digital-image.png"
"Erasco Hühner-Nudelsuppe 390ml","Erasco","4037300107371","1.79","390ml (1 l = 4,59 €)","Fertiggerichte & Konserven","False","https://img.rewe-static.de/5696453/22628734_digital-image.png"
"REWE Bio Marinierte Grüne Oliven 125g","REWE Bio","4337256733304","2.19","125g (1 kg = 17,52 €)","Fertiggerichte & Konserven","False","https://img.rewe-static.de/9011926/42429520_digital-image.png"
"Grossmann Pepper Drop Mix 150g","Grossmann","4006495638854","2.89","150g (1 kg = 19,27 €)","Fertiggerichte & Konserven","False","https://img.rewe-static.de/2473226/32742128_digital-image.png"
"Grossmann Trüffelcreme 200g","Grossmann","4006495160652","2.39","200g (1 kg = 11,95 €)","Fertiggerichte & Konserven","False","https://img.rewe-static.de/8468528/31399999_digital-image.png"
"Nissin Cup Noodles Shrimps 63g","Nissin","8712429130405","1.19","63g (1 kg = 18,89 €)","Fertiggerichte & Konserven","False","https://img.rewe-static.de/8964955/2574620_digital-image.png"
"Fitini Sauerkirschen entsteint 185g","Fitini","4012712011188","2.49","185g (1 kg = 13,46 €)","Fertiggerichte & Konserven","False","https://img.rewe-static.de/6449433/2942950_digital-image.png"
"Feinkost Dittmann Kapernäpfel Nonpareilles 120g","Feinkost Dittmann","4002239393508","3.99","120g (1 kg = 33,25 €)","Fertiggerichte & Konserven","False","https://img.rewe-static.de/0950682/24086720_digital-image.png"
"Kühne Salz-Dill-Gurken 370g","Kühne","40804606","2.49","370g (1 kg = 6,73 €)","Fertiggerichte & Konserven","False","https://img.rewe-static.de/0283436/7466550_digital-image.png"
"Odenwald Wild-Preiselbeeren 220g","Odenwald","42010180","2.49","220g (1 kg = 11,32 €)","Fertiggerichte & Konserven","False","https://img.rewe-static.de/9015156/43088944_digital-image.png"
"Kühne Gurkenviertel 360g","Kühne","40804705","2.49","360g (1 kg = 6,92 €)","Fertiggerichte & Konserven","False","https://img.rewe-static.de/5571260/8133440_digital-image.png"
"Maggi Tomaten Cremesuppe mit Thymian ergibt 500ml","Maggi","8445291211124","1.19","500ml (1 l = 2,38 €)","Fertiggerichte & Konserven","False","https://img.rewe-static.de/7573449/44577087_digital-image.png"
"Henglein Pizzateig XXL 550g","Henglein","4001163135611","2.69","550g (1 kg = 4,89 €)","Fertiggerichte & Konserven","False","https://img.rewe-static.de/1250961/20368387_digital-image.png"
"REWE Beste Wahl Himbeeren gezuckert 130g","REWE Beste Wahl","4388860733051","1.99","130g (1 kg = 15,31 €)","Fertiggerichte & Konserven","False","https://img.rewe-static.de/0185597/23252834_digital-image.png"
"Kühne Burger Gurken würzig-süß 185g","Kühne","40198682","2.19","185g (1 kg = 11,84 €)","Fertiggerichte & Konserven","False","https://img.rewe-static.de/8226479/29329585_digital-image.png"
"Knorr Feinschmecker Tomatensuppe mit Reis 500 ml","Knorr","8711200339853","1.59","500ml (1 l = 3,18 €)","Fertiggerichte & Konserven","False","https://img.rewe-static.de/8184458/28300184_digital-image.png"
"Meica Truemans Geflügel Hot-Dog 350g, 7 Stück","Meica","4000503122502","3.49","350g (1 kg = 9,97 €)","Fertiggerichte & Konserven","True","https://img.rewe-static.de/5515912/22589515_digital-image.png"
"Knorr Suppenliebe Spargel Cremesuppe 750ml","Knorr","8712566410231","0.99","750ml (1 l = 1,32 €)","Fertiggerichte & Konserven","False","https://img.rewe-static.de/1372804/20726201_digital-image.png"
"REWE Feine Welt Rinder Fond 400ml","REWE Feine Welt","4337256415309","1.99","400ml (1 l = 4,98 €)","Fertiggerichte & Konserven","False","https://img.rewe-static.de/1019452/27010509_digital-image.png"
"REWE Beste Wahl Antipasti Grüne Oliven gefüllt mit Knoblauch 160g","REWE Beste Wahl","4337256200028","1.99","160g (1 kg = 12,44 €)","Fertiggerichte & Konserven","False","https://img.rewe-static.de/1186852/22923578_digital-image.png"
"Bonduelle Goldmais 285g","Bonduelle","3083681102499","1.79","285g (1 kg = 6,28 €)","Fertiggerichte & Konserven","False","https://img.rewe-static.de/4203860/23927977_digital-image.png"
"REWE Beste Wahl Feinschmecker-Rotkohl mit Preiselbeeren 400g","REWE Beste Wahl","4337256662611","1.19","400g (1 kg = 2,98 €)","Fertiggerichte & Konserven","False","https://img.rewe-static.de/2136522/22832539_digital-image.png"
"REWE Beste Wahl Antipasti Gegrillte Champignons 150g","REWE Beste Wahl","4337256045278","2.99","150g (1 kg = 10,68 €)","Fertiggerichte & Konserven","False","https://img.rewe-static.de/0710568/21100225_digital-image.png"
"Spreewaldhof Das andere Apfelmus 700g","Spreewaldhof","4012712000335","2.39","700g (1 kg = 3,41 €)","Fertiggerichte & Konserven","False","https://img.rewe-static.de/0399913/7204480_digital-image.png"
"Pomito Passierte Tomaten 500g","Pomito","8032793343264","1.49","500g (1 kg = 2,98 €)","Fertiggerichte & Konserven","False","https://img.rewe-static.de/8280040/29000433_digital-image.png"
"Hengstenberg Knax Gewürzgurken mild-süß 360g","Hengstenberg","4008100141612","2.99","360g (1 kg = 8,31 €)","Fertiggerichte & Konserven","False","https://img.rewe-static.de/0698530/8134360_digital-image.png"
"Böklunder Leberwurst grobzerkleinert 200g","Böklunder","4000404113975","1.99","200g (1 kg = 9,95 €)","Fertiggerichte & Konserven","False","https://img.rewe-static.de/8338904/29856202_digital-image.png"
"Böklunder Bauern-Mettwurst gekocht 200g","Böklunder","4000404113760","1.99","200g (1 kg = 9,95 €)","Fertiggerichte & Konserven","False","https://img.rewe-static.de/8337387/30000302_digital-image.png"
"Libby's Fruchtcocktail natursüß 240g","Libby's","7613034229045","2.79","240g (1 kg = 11,63 €)","Fertiggerichte & Konserven","False","https://img.rewe-static.de/1989040/22485071_digital-image.png"
"Feinkost Dittmann Peperoncini extra mild 210g","Feinkost Dittmann","4002239642903","2.99","210g (1 kg = 14,24 €)","Fertiggerichte & Konserven","False","https://img.rewe-static.de/5827370/29519730_digital-image.png"
"Böklunder Cocktailwürstchen in Eigenhaut 250g, 36 Stück","Böklunder","4000404016559","3.99","250g (1 kg = 15,96 €)","Fertiggerichte & Konserven","False","https://img.rewe-static.de/0357748/21165589_digital-image.png"
"Erasco Erbsen-Eintopf 400g","Erasco","4037300103243","1.99","400g (1 kg = 4,98 €)","Fertiggerichte & Konserven","False","https://img.rewe-static.de/6809383/8135340_digital-image.png"
"REWE Bio Linseneintopf 400g","REWE Bio","4337256294775","1.45","400g (1 kg = 3,63 €)","Fertiggerichte & Konserven","False","https://img.rewe-static.de/8362231/30799287_digital-image.png"
"REWE Beste Wahl Hirtensalat mit Oliven 150g","REWE Beste Wahl","4337256852050","2.29","150g (1 kg = 15,27 €)","Fertiggerichte & Konserven","False","https://img.rewe-static.de/7631064/42512792_digital-image.png"
"REWE Beste Wahl Ananas ganze Scheiben 142g","REWE Beste Wahl","4337256697330","1.39","142g (1 kg = 9,79 €)","Fertiggerichte & Konserven","False","https://img.rewe-static.de/1367101/22918001_digital-image.png"
"Mirácoli Spaghetti mit Tomatensauce 3 Portionen 376,2g","Mirácoli","4002359018633","3.29","376,20g (1 kg = 8,75 €)","Fertiggerichte & Konserven","False","https://img.rewe-static.de/7660917/40453033_digital-image.png"
"Knorr Suppenliebe Hühner Suppe 3 Teller","Knorr","8712566332137","0.99","750ml (1 l = 1,32 €)","Fertiggerichte & Konserven","False","https://img.rewe-static.de/1372796/34123548_digital-image.png"
"Feinkost Dittmann Oliven grün 125g","Feinkost Dittmann","4002239814003","1.39","125g (1 kg = 11,12 €)","Fertiggerichte & Konserven","False","https://img.rewe-static.de/4205863/6571070_digital-image.png"
"Dovgan Riga Sprottenpaste 160g","Dovgan","4032549003026","1.19","160g (1 kg = 7,44 €)","Fertiggerichte & Konserven","False","https://img.rewe-static.de/1422723/22705276_digital-image.png"
"Kühne Schlemmertöpfchen süße Gürkchen 300g","Kühne","4012200417409","3.49","300g (1 kg = 11,63 €)","Fertiggerichte & Konserven","False","https://img.rewe-static.de/1085891/1388200_digital-image.png"
"REWE Bio Kalamata Oliven ohne Stein 180g","REWE Bio","4337256670685","2.99","180g (1 kg = 16,61 €)","Fertiggerichte & Konserven","False","https://img.rewe-static.de/8296586/29655002_digital-image.png"
"REWE Beste Wahl Feine Gürkchen 300g","REWE Beste Wahl","4337256845311","2.19","300g (1 kg = 7,30 €)","Fertiggerichte & Konserven","False","https://img.rewe-static.de/0116870/22980295_digital-image.png"
"Feinkost Dittmann Spanische Oliven ohne Stein 125g","Feinkost Dittmann","4002239810005","2.49","125g (1 kg = 19,92 €)","Fertiggerichte & Konserven","False","https://img.rewe-static.de/3293712/36686268_digital-image.png"
"Hengstenberg Die Riesen Gewürzgurken 850g","Hengstenberg","40081403","3.29","850g (1 kg = 3,87 €)","Fertiggerichte & Konserven","False","https://img.rewe-static.de/3621189/1472470_digital-image.png"
"Biozentrale Bio Gemüsebrühe 135g","biozentrale","4005009102591","2.59","135g (1 kg = 19,19 €)","Fertiggerichte & Konserven","False","https://img.rewe-static.de/1160137/23478623_digital-image.png"
"REWE Beste Wahl Mixed Pickles 190g","REWE Beste Wahl","4337256471046","1.29","190g (1 kg = 6,79 €)","Fertiggerichte & Konserven","False","https://img.rewe-static.de/1032766/23571972_digital-image.png"
"REWE Beste Wahl Oliven geschwärzt ohne Stein 135g","REWE Beste Wahl","4337256045315","1.99","135g (1 kg = 14,74 €)","Fertiggerichte & Konserven","False","https://img.rewe-static.de/1186905/14283310_digital-image.png"
"Bonduelle Kichererbsen 265g","Bonduelle","3083681003949","1.79","265g (1 kg = 6,75 €)","Fertiggerichte & Konserven","False","https://img.rewe-static.de/1082265/23328874_digital-image.png"
"Bonduelle Goldmais 570g","Bonduelle","3083681117516","2.39","570g (1 kg = 4,19 €)","Fertiggerichte & Konserven","False","https://img.rewe-static.de/9903380/8132360_digital-image.png"
"Peperoni mit Frischkäse-Feta 150g","NA","4006495635853","2.79","150g (1 kg = 18,60 €)","Fertiggerichte & Konserven","False","https://img.rewe-static.de/2473045/24229648_digital-image.png"
"REWE Beste Wahl Lasagne Bolognese 400g","REWE Beste Wahl","4337256643498","2.59","400g (1 kg = 6,48 €)","Fertiggerichte & Konserven","False","https://img.rewe-static.de/2316984/23559547_digital-image.png"
"REWE Feine Welt Trüffel 25g","REWE Feine Welt","42015901","4.99","25g (1 kg = 199,60 €)","Fertiggerichte & Konserven","False","https://img.rewe-static.de/2850272/25367397_digital-image.png"
"REWE Beste Wahl Snacktomaten mit Meersalz 150g","REWE Beste Wahl","4337256050395","1.99","150g (1 kg = 13,27 €)","Fertiggerichte & Konserven","False","https://img.rewe-static.de/8353795/30453551_digital-image.png"
"REWE Beste Wahl Ananasstücke 142g","REWE Beste Wahl","4337256709446","1.39","142g (1 kg = 9,79 €)","Fertiggerichte & Konserven","False","https://img.rewe-static.de/1201873/23018550_digital-image.png"
"Block House Brot Kräuterbutter Art 254g","Block House","4009286155189","2.79","254g (1 kg = 10,98 €)","Fertiggerichte & Konserven","False","https://img.rewe-static.de/8414429/30863744_digital-image.png"
"Christians Grød Grütze Erdbeere 500g","Christians Grød","5701116201095","2.29","500g (1 kg = 4,58 €)","Fertiggerichte & Konserven","False","https://img.rewe-static.de/7368577/2326420_digital-image.png"
"Popp Cole Slaw Salat 400g","Popp","4045800475197","2.49","400g (1 kg = 6,23 €)","Fertiggerichte & Konserven","False","https://img.rewe-static.de/7043188/27901375_digital-image.png"
"Hengstenberg Mildessa Mildes Sauerkraut 350g","Hengstenberg","4008100154537","1.99","350g (1 kg = 5,69 €)","Fertiggerichte & Konserven","False","https://img.rewe-static.de/2163989/22387960_digital-image.png"
"Youcook Indian Style Chicken Tikka 420g","Youcook","4260334165042","4.49","420g (1 kg = 10,69 €)","Fertiggerichte & Konserven","False","https://img.rewe-static.de/2709614/24810917_digital-image.png"
"Knack & Back Pizza-Kit 600g","Knack&Back","3392590205567","2.99","600g (1 kg = 4,98 €)","Fertiggerichte & Konserven","False","https://img.rewe-static.de/2085801/3033560_digital-image.png"
"Erasco Hühner-Nudeltopf 800g","Erasco","4037300104370","3.29","800g (1 kg = 4,11 €)","Fertiggerichte & Konserven","False","https://img.rewe-static.de/5540283/1694830_digital-image.png"
"Maggi Herzensküche Spaghetti Bolognese 85g","Maggi","42403081","1.09","85g (1 kg = 12,82 €)","Fertiggerichte & Konserven","False","https://img.rewe-static.de/7847240/33891004_digital-image.png"
"REWE Beste Wahl Mie Nudeln 250g","REWE Beste Wahl","4337256752329","0.89","250g (1 kg = 3,56 €)","Fertiggerichte & Konserven","False","https://img.rewe-static.de/9035316/43767880_digital-image.png"
"Maggi Magic Asia Gebratene Nudeln Huhn 121g","Maggi","7613035890008","1.49","121g (1 kg = 12,31 €)","Fertiggerichte & Konserven","False","https://img.rewe-static.de/3244310/26286648_digital-image.png"
"Mirácoli Spaghetti für 5 Portionen 610g","Mirácoli","4002359018671","4.49","610,40g (1 kg = 7,36 €)","Fertiggerichte & Konserven","False","https://img.rewe-static.de/8978858/40469041_digital-image.png"
"Maggi Ravioli in pikanter Sauce mit Fleisch 800g","Maggi","4005500339205","2.99","800g (1 kg = 3,74 €)","Fertiggerichte & Konserven","False","https://img.rewe-static.de/0131334/28748823_digital-image.png"
"Maggi Fix für Gebratene Nudeln 26g","Maggi","7613036027182","1.09","26g (1 kg = 41,92 €)","Fertiggerichte & Konserven","False","https://img.rewe-static.de/2413660/23783714_digital-image.png"
"REWE Beste Wahl Tagliatelle 400g","REWE Beste Wahl","4337256677806","1.89","400g (1 kg = 4,73 €)","Fertiggerichte & Konserven","False","https://img.rewe-static.de/0118047/22923270_digital-image.png"
"Erasco Linsen-Eintopf mit Würstchen 800g","Erasco","4037300108293","3.29","800g (1 kg = 4,11 €)","Fertiggerichte & Konserven","False","https://img.rewe-static.de/6743722/1694850_digital-image.png"
"Maggi Buchstaben Suppe, ergibt 1l","Maggi","7613036042000","0.99","1l","Fertiggerichte & Konserven","False","https://img.rewe-static.de/7141984/27161528_digital-image.png"
"Youcook Pasta Bolognese Meatballs 420g","Youcook","4260334162195","4.49","420g (1 kg = 10,69 €)","Fertiggerichte & Konserven","False","https://img.rewe-static.de/8020961/31505905_digital-image.png"
"Gosch Keitumer Räucherlachssalat 125g","Gosch","4009457788710","3.39","125g (1 kg = 27,12 €)","Fertiggerichte & Konserven","False","https://img.rewe-static.de/1961788/24193851_digital-image.png"
"Maggi 5 Minuten Terrine Nudeln in Rahmsauce 61g","Maggi","7613037804263","1.49","61g (1 kg = 24,43 €)","Fertiggerichte & Konserven","False","https://img.rewe-static.de/8397675/30642902_digital-image.png"
"Grossmann Hirtenkäse Kräuter-Oliven 150g","Grossmann","4006495638755","2.99","150g (1 kg = 19,93 €)","Fertiggerichte & Konserven","False","https://img.rewe-static.de/2473225/33982465_digital-image.png"
"Bonduelle Kidney-Bohnen 500g","Bonduelle","3083680019972","2.39","500g (1 kg = 4,78 €)","Fertiggerichte & Konserven","False","https://img.rewe-static.de/4885597/8132340_digital-image.png"
"Feinkost Dittmann Kapern Nonpareilles 60g","Feinkost Dittmann","4002239390903","2.39","60g (1 kg = 39,83 €)","Fertiggerichte & Konserven","False","https://img.rewe-static.de/9207694/24021498_digital-image.png"
"Maggi 5 Minuten Terrine Spaghetti Bolognese 60g","Maggi","7613037870046","1.49","60g (1 kg = 24,83 €)","Fertiggerichte & Konserven","False","https://img.rewe-static.de/8023806/30761306_digital-image.png"
"Maggi 5 Minuten Terrine Spaghetti in Käse-Sahne-Sauce 62g","Maggi","7613031437870","1.49","62g (1 kg = 24,03 €)","Fertiggerichte & Konserven","False","https://img.rewe-static.de/0155639/5627070_digital-image.png"
"Kühne Fix & Fertig Rotkohl mit Apfelstücken 700g","Kühne","40804781","2.19","700ml (1 kg = 3,13 €)","Fertiggerichte & Konserven","False","https://img.rewe-static.de/0865877/2653620_digital-image.png"
"Metten Dicke Sauerländer Bockwurst 400g, 5 Stück","Metten","4008401610152","4.79","400g (1 kg = 11,98 €)","Fertiggerichte & Konserven","False","https://img.rewe-static.de/3107698/1989450_digital-image.png"
"Little Lunch Bio Tomatensuppe mit Chili & Basilikum 350ml","Little Lunch","4260614722385","3.49","350ml (1 l = 9,97 €)","Fertiggerichte & Konserven","False","https://img.rewe-static.de/2378576/39103199_digital-image.png"
"Tante Fanny Frischer Dinkel-Flammkuchenteig 260g","Tante Fanny","9120003414640","2.19","260g (1 kg = 8,42 €)","Fertiggerichte & Konserven","False","https://img.rewe-static.de/8360272/31419359_digital-image.png"
"Erasco Texas-Topf 800g","Erasco","4037300108903","3.29","800g (1 kg = 4,11 €)","Fertiggerichte & Konserven","False","https://img.rewe-static.de/5540399/4791480_digital-image.png"
"REWE Beste Wahl Aglio Olio & Peperoncino 100g","REWE Beste Wahl","21134364","1.59","100g (1 kg = 15,90 €)","Fertiggerichte & Konserven","False","https://img.rewe-static.de/1475705/23284625_digital-image.png"
"Maggi Guten Appetit Rindfleisch Suppe 85g","Maggi","7613035290921","0.99","1l","Fertiggerichte & Konserven","False","https://img.rewe-static.de/2441096/23915673_digital-image.png"
"Popp Griechischer Krautsalat 400g","Popp","4045800460216","2.49","400g (1 kg = 6,23 €)","Fertiggerichte & Konserven","False","https://img.rewe-static.de/2291908/2482710_digital-image.png"
"Youcook Chinese Style Sweet & Sour 440g","Youcook","4260334165110","4.49","440g (1 kg = 10,20 €)","Fertiggerichte & Konserven","False","https://img.rewe-static.de/7210453/27756952_digital-image.png"
"REWE Beste Wahl Snacktomaten mit Kräutern 150g","REWE Beste Wahl","4337256050241","1.99","150g (1 kg = 13,27 €)","Fertiggerichte & Konserven","False","https://img.rewe-static.de/8049593/30420875_digital-image.png"
"Knorr Suppenliebe Die Eiskönigin Suppe 500ml","Knorr","8720182421968","0.99","500ml (1 l = 1,98 €)","Fertiggerichte & Konserven","False","https://img.rewe-static.de/8786361/36686184_digital-image.png"
"Kühne Rote Bete in Scheiben 430g","Kühne","40804316","2.09","430g (1 kg = 4,86 €)","Fertiggerichte & Konserven","False","https://img.rewe-static.de/4017650/3437960_digital-image.png"
"Hak Apfelmus 350g","HAK","8720600612503","2.29","350g (1 kg = 6,54 €)","Fertiggerichte & Konserven","False","https://img.rewe-static.de/2479379/25341057_digital-image.png"
"Maggi Fix für Lachs-Sahne Gratin 26g","Maggi","7613036028523","1.09","26g (1 kg = 41,92 €)","Fertiggerichte & Konserven","False","https://img.rewe-static.de/2296553/23272932_digital-image.png"
"Maggi Fix für Spaghetti Tomate Mozzarella 40g","Maggi","7613036028349","1.09","40g (1 kg = 27,25 €)","Fertiggerichte & Konserven","False","https://img.rewe-static.de/2413761/23886695_digital-image.png"
"REWE Bio Tortelloni Käse-Kräuter 250g","REWE Bio","4337256298131","2.19","250g (1 kg = 8,76 €)","Fertiggerichte & Konserven","False","https://img.rewe-static.de/0187641/1515840_digital-image.png"
"Maggi Guten Appetit Hühnersuppe 60g","Maggi","7613032316815","0.99","1l","Fertiggerichte & Konserven","False","https://img.rewe-static.de/4798392/27269230_digital-image.png"
"Hengstenberg Mildessa Mildes Sauerkraut mit Speck 350g","Hengstenberg","4008100154544","1.99","350g (1 kg = 5,69 €)","Fertiggerichte & Konserven","False","https://img.rewe-static.de/2163928/22387727_digital-image.png"
"REWE Bio Rinderbrühe 140g","REWE Bio","4337256760027","1.39","140g (1 kg = 9,93 €)","Fertiggerichte & Konserven","False","https://img.rewe-static.de/9020606/42309449_digital-image.png"
"Maggi 5 Minuten Terrine Nudeln in Tomaten-Mozzarella Sauce 55g","Maggi","7613035587359","1.49","55g (1 kg = 27,09 €)","Fertiggerichte & Konserven","False","https://img.rewe-static.de/2950931/25641070_digital-image.png"
"Erasco Reistopf mit Fleischklößchen 800g","Erasco","4037300104387","3.29","800g (1 kg = 4,11 €)","Fertiggerichte & Konserven","False","https://img.rewe-static.de/5514932/780330_digital-image.png"
"Maggi Sternchensuppe für 1l","Maggi","7613036053600","0.99","1l","Fertiggerichte & Konserven","False","https://img.rewe-static.de/7154250/27194078_digital-image.png"
"Maggi 5 Minuten Terrine Spaghetti in Tomaten-Sauce 60g","Maggi","7613037639858","1.49","60g (1 kg = 24,83 €)","Fertiggerichte & Konserven","False","https://img.rewe-static.de/8024071/30761304_digital-image.png"
"Feinkost Dittmann Getrocknete Tomaten 340g","Feinkost Dittmann","4002239696302","3.69","340g (1 kg = 10,85 €)","Fertiggerichte & Konserven","False","https://img.rewe-static.de/0887882/23692910_digital-image.png"
"Maggi Fix Broccoli Gratin 36g","Maggi","7613287373618","1.09","36g (1 kg = 30,28 €)","Fertiggerichte & Konserven","False","https://img.rewe-static.de/8568195/33052712_digital-image.png"
"Maggi Fix für Ofen - Spirelli alla mamma 43g","Maggi","7613035410473","1.09","43g (1 kg = 25,35 €)","Fertiggerichte & Konserven","False","https://img.rewe-static.de/2732825/24830686_digital-image.png"
"Maggi Hochzeits Suppe 1l","Maggi","7613036053532","0.99","1l","Fertiggerichte & Konserven","False","https://img.rewe-static.de/7138556/27194155_digital-image.png"
"Maggi Fix für Hackfleisch-Käse–Suppe mit Lauch 46g","Maggi","7613035084629","1.09","46g (1 kg = 23,70 €)","Fertiggerichte & Konserven","False","https://img.rewe-static.de/2413390/23820207_digital-image.png"
"Maggi Fix für Würstchen-Gulasch 30g","Maggi","7613033804588","1.09","30g (1 kg = 36,33 €)","Fertiggerichte & Konserven","False","https://img.rewe-static.de/1348505/20609907_digital-image.png"
"Maggi 5 Minuten Terrine Spaghetti in cremiger Schinkensauce 64g","Maggi","4005500339458","1.49","64g (1 kg = 23,28 €)","Fertiggerichte & Konserven","False","https://img.rewe-static.de/4392396/7478420_digital-image.png"
"Popp Waldorfsalat 200g","Popp","4045800770940","2.19","200g (1 kg = 10,95 €)","Fertiggerichte & Konserven","False","https://img.rewe-static.de/1358778/26334823_digital-image.png"
"REWE Bio Apfel-Aprikosenmark 360g","REWE Bio","4337256836678","1.15","360g (1 kg = 3,19 €)","Fertiggerichte & Konserven","False","https://img.rewe-static.de/9098094/43400279_digital-image.png"
"Hengstenberg Knax Gewürzgurken 185g","Hengstenberg","40081427","1.99","185g (1 kg = 10,76 €)","Fertiggerichte & Konserven","False","https://img.rewe-static.de/0281948/1859720_digital-image.png"
"Böklunder Wiener Würstchen 210g","Böklunder","4000404121956","3.29","210g (1 kg = 15,67 €)","Fertiggerichte & Konserven","False","https://img.rewe-static.de/1384497/22469201_digital-image.png"
"REWE Beste Wahl Thunfisch-Filets in eigenem Saft 130g","REWE Beste Wahl","4337256106696","2.49","130g (1 kg = 19,15 €)","Fertiggerichte & Konserven","False","https://img.rewe-static.de/1438234/34995176_digital-image.png"
"Maggi Fix für Reispfanne Djuvec Art 31g","Maggi","7613035110359","1.09","31g (1 kg = 35,16 €)","Fertiggerichte & Konserven","False","https://img.rewe-static.de/2413659/23820210_digital-image.png"
"Maggi Guten Appetit Frühlings-Suppe 63g","Maggi","7613036041423","0.99","1l","Fertiggerichte & Konserven","False","https://img.rewe-static.de/7139407/27187241_digital-image.png"
"Maggi Fix Tomaten-Mozzarella Tortelloni 34g","Maggi","8445290056528","1.09","34g (1 kg = 32,06 €)","Fertiggerichte & Konserven","False","https://img.rewe-static.de/8801130/38891519_digital-image.png"
"Erasco Frischgemüse-Topf 800g","Erasco","4037300108279","3.29","800g (1 kg = 4,11 €)","Fertiggerichte & Konserven","False","https://img.rewe-static.de/6737870/7477240_digital-image.png"
"Knorr Suppenliebe Klare Gemüsesuppe mit Muschelnudeln 750ml","Knorr","8720182867421","0.99","750ml (1 l = 1,32 €)","Fertiggerichte & Konserven","False","https://img.rewe-static.de/9074771/44016718_digital-image.png"
"Maggi Fix für Hack-Lauch Pfanne mit Nudeln 42g","Maggi","7613035410497","1.09","42g (1 kg = 25,95 €)","Fertiggerichte & Konserven","False","https://img.rewe-static.de/2732768/24885016_digital-image.png"
"Böklunder Wiener Würstchen im Saitling 500g, 10 Stück","Böklunder","4000404134758","6.39","500g (1 kg = 12,78 €)","Fertiggerichte & Konserven","False","https://img.rewe-static.de/7006373/21089178_digital-image.png"
"Maggi Fix für Gemüse-Pfanne mit Hackfleisch 37g","Maggi","7613035367609","1.09","37g (1 kg = 29,46 €)","Fertiggerichte & Konserven","False","https://img.rewe-static.de/2732850/24885115_digital-image.png"
"Maggi Gebratener Reis 31g","Maggi","8445290931580","1.09","31g (1 kg = 35,16 €)","Fertiggerichte & Konserven","False","https://img.rewe-static.de/7644263/41523847_digital-image.png"
"Popp Herzhafter Kartoffelsalat Speck & Zwiebel 400g","Popp","4045800700749","2.49","400g (1 kg = 6,23 €)","Fertiggerichte & Konserven","False","https://img.rewe-static.de/8291416/29168385_digital-image.png"
"Mayo Feinkost Fleischsalat Russischer Art 200g","Mayo Feinkost","4009457381829","1.99","200g (1 kg = 9,95 €)","Fertiggerichte & Konserven","False","https://img.rewe-static.de/8411077/29602033_digital-image.png"
"Bonduelle Bunt Dazu Goldmais 2x70g","Bonduelle","3083681117622","1.59","140g (1 kg = 11,36 €)","Fertiggerichte & Konserven","False","https://img.rewe-static.de/7033264/26746219_digital-image.png"
"REWE Beste Wahl Kohlrouladen 800g","REWE Beste Wahl","4337256282703","2.99","800g (1 kg = 3,74 €)","Fertiggerichte & Konserven","False","https://img.rewe-static.de/0360529/7190510_digital-image.png"
"REWE Beste Wahl Wild-Preiselbeeren 212ml","REWE Beste Wahl","4337256815451","2.19","225g (1 kg = 9,73 €)","Fertiggerichte & Konserven","False","https://img.rewe-static.de/0185599/23487904_digital-image.png"
"Heinz Tomato stückig mit Basilikum & Oregano 390g","Heinz","8410066140312","0.99","390g (1 kg = 2,54 €)","Fertiggerichte & Konserven","True","https://img.rewe-static.de/8947803/39729630_digital-image.png"
"Erasco Ungarische Gulaschsuppe 390ml","Erasco","4037300107517","1.99","390ml (1 l = 5,10 €)","Fertiggerichte & Konserven","False","https://img.rewe-static.de/8010552/8486280_digital-image.png"
"REWE Beste Wahl Kaiserkirschen entsteint 385g","REWE Beste Wahl","4337256464215","2.89","385g (1 kg = 7,51 €)","Fertiggerichte & Konserven","False","https://img.rewe-static.de/8335418/29788171_digital-image.png"
"Knorr Suppenliebe Zwiebel Suppe 3 Teller","Knorr","8712566410330","0.99","NA","Fertiggerichte & Konserven","False","https://img.rewe-static.de/1372835/20726189_digital-image.png"
"REWE Beste Wahl Kidney-Bohnen in Chilisauce 420g","REWE Beste Wahl","4337256565622","1.39","420g (1 kg = 3,31 €)","Fertiggerichte & Konserven","False","https://img.rewe-static.de/0734579/30448189_digital-image.png"
"Bonduelle Garten-Erbsen mit Möhrchen 265g","Bonduelle","3083680823647","1.99","265g (1 kg = 7,51 €)","Fertiggerichte & Konserven","False","https://img.rewe-static.de/5532930/9176620_digital-image.png"
"Hak Rotkohl mit Apfelstücken 650g","HAK","8720600096105","2.19","650g (1 kg = 3,37 €)","Fertiggerichte & Konserven","False","https://img.rewe-static.de/3697967/1748530_digital-image.png"
"Knorr Fix Paprika-Gulasch für 4 Portionen","Knorr","8717163865613","0.99","48g (1 kg = 20,63 €)","Fertiggerichte & Konserven","False","https://img.rewe-static.de/8357387/30278480_digital-image.png"
"REWE Bio Apfelrotkohl 680g","REWE Bio","4337256694292","1.49","680g","Fertiggerichte & Konserven","False","https://img.rewe-static.de/7650152/41413868_digital-image.png"
"Kühne Rotkohl nach Traditionsrezept 650g","Kühne","40804002","2.09","650g (1 kg = 3,22 €)","Fertiggerichte & Konserven","False","https://img.rewe-static.de/0283240/24243753_digital-image.png"
"Kikkoman Ramen Suppenbasis Shoyu 250ml","Kikkoman","8715035590304","4.69","250ml (1 l = 18,76 €)","Fertiggerichte & Konserven","False","https://img.rewe-static.de/8924666/44355072_digital-image.png"
"Del Monte Ananas Scheiben in Saft 565g","Del Monte","8721008388137","2.79","350g (1 kg = 7,97 €)","Fertiggerichte & Konserven","False","https://img.rewe-static.de/9105143/43559156_digital-image.png"
"REWE Beste Wahl Grüne-Bohnen-Eintopf 800g","REWE Beste Wahl","4337256552363","2.29","800g (1 kg = 2,86 €)","Fertiggerichte & Konserven","False","https://img.rewe-static.de/2348240/23797019_digital-image.png"
"REWE Beste Wahl Apfelkompott 360g","REWE Beste Wahl","4337256898638","1.49","360g (1 kg = 4,14 €)","Fertiggerichte & Konserven","False","https://img.rewe-static.de/0130649/20795220_digital-image.png"
"Followfish Thunfisch Filets in nativem Bio-Olivenöl extra 120g","Followfish","4250073450653","3.49","120g (1 kg = 29,08 €)","Fertiggerichte & Konserven","False","https://img.rewe-static.de/7174081/27282511_digital-image.png"
"Kühne Fasskraut fix & fertig Sauerkraut 385g","Kühne","4012200505328","2.09","385g (1 kg = 5,43 €)","Fertiggerichte & Konserven","False","https://img.rewe-static.de/0203682/23329964_digital-image.png"
"REWE Beste Wahl Salz-Dillgurken 370g","REWE Beste Wahl","4337256831505","2.29","370g (1 kg = 6,19 €)","Fertiggerichte & Konserven","False","https://img.rewe-static.de/0117152/36693666_digital-image.png"
"Erasco Erbsen-Eintopf Hubertus 800g","Erasco","4037300108248","3.29","800g (1 kg = 4,11 €)","Fertiggerichte & Konserven","False","https://img.rewe-static.de/5222532/2923800_digital-image.png"
"Paulsen Sweety Gewürzgurken 360g","Paulsen","4009309142417","2.49","360g (1 kg = 6,92 €)","Fertiggerichte & Konserven","False","https://img.rewe-static.de/0074871/11699680_digital-image.png"
"Maggi Fix für Zwiebel-Sahne-Hähnchen 26g","Maggi","7613036324724","1.09","26g (1 kg = 41,92 €)","Fertiggerichte & Konserven","False","https://img.rewe-static.de/2732761/24874664_digital-image.png"
"Hawesta Makrelenfilets in Tomaten-Sauce 200g","Hawesta","4006922002005","2.29","200g (1 kg = 11,45 €)","Fertiggerichte & Konserven","False","https://img.rewe-static.de/0161713/4791880_digital-image.png"
"Bonduelle Grüne Bohnen 440g","Bonduelle","3083681160901","2.39","440g (1 kg = 5,43 €)","Fertiggerichte & Konserven","False","https://img.rewe-static.de/7707009/38309074_digital-image.png"
"Knorr Pasta Snack Pot Pilz & Rahm 59g","Knorr","8720182839398","1.49","59g (1 kg = 25,25 €)","Fertiggerichte & Konserven","False","https://img.rewe-static.de/7572188/44533338_digital-image.png"
"Heinz Tomato stückig 390g","Heinz","8410066140282","0.99","390g (1 kg = 2,54 €)","Fertiggerichte & Konserven","True","https://img.rewe-static.de/8947013/39729628_digital-image.png"
"REWE Beste Wahl grüne Pfefferonen in Öl 270g","REWE Beste Wahl","4337256342674","2.29","270g (1 kg = 8,48 €)","Fertiggerichte & Konserven","False","https://img.rewe-static.de/8677209/35211839_digital-image.png"
"Knorr Bouillon mit Rind 6,5l","Knorr","8720182094445","1.89","6500ml (1 l = 0,29 €)","Fertiggerichte & Konserven","False","https://img.rewe-static.de/8695290/33621971_digital-image.png"
"Knorr Suppenliebe Frühlings Suppe 3 Teller","Knorr","8712566332175","0.99","750ml (1 l = 1,32 €)","Fertiggerichte & Konserven","False","https://img.rewe-static.de/1372813/19415560_digital-image.png"
"Saupiquet MSC Thunfisch-Salat Mexicana 160g","Saupiquet","3165950580860","2.99","160g (1 kg = 18,69 €)","Fertiggerichte & Konserven","False","https://img.rewe-static.de/7237176/27618134_digital-image.png"
"Hengstenberg Traditioneller Rotkohl 285g","Hengstenberg","40081977","1.59","285g (1 kg = 5,58 €)","Fertiggerichte & Konserven","False","https://img.rewe-static.de/0145661/4782250_digital-image.png"
"Bonduelle Goldmais Junge Ernte 285g","Bonduelle","3083681117769","2.29","285g (1 kg = 8,04 €)","Fertiggerichte & Konserven","False","https://img.rewe-static.de/2730104/25078609_digital-image.png"
"Feinkost Dittmann Kalamata-Oliven schwarz mit Stein 125g","Feinkost Dittmann","4002239802406","2.19","125g (1 kg = 17,52 €)","Fertiggerichte & Konserven","False","https://img.rewe-static.de/5895243/22459691_digital-image.png"
"Hengstenberg Mein Mildessa Genießer Rotkohl 150g","Hengstenberg","4008100173040","1.39","150g (1 kg = 9,27 €)","Fertiggerichte & Konserven","False","https://img.rewe-static.de/8317209/30323529_digital-image.png"
"Erasco Linsen-Eintopf mit Würstchen 400g","Erasco","4037300103236","1.99","400g (1 kg = 4,98 €)","Fertiggerichte & Konserven","False","https://img.rewe-static.de/5540453/1255480_digital-image.png"
"Maggi Fix Kräuter-Rahm Hähnchen 35g","Maggi","8445290056764","1.09","35g (1 kg = 31,14 €)","Fertiggerichte & Konserven","False","https://img.rewe-static.de/8734949/35899816_digital-image.png"
"Meica Wiener extra knackig 250g, 6 Stück","Meica","4000503102306","4.49","250g (1 kg = 17,96 €)","Fertiggerichte & Konserven","False","https://img.rewe-static.de/5570980/2048780_digital-image.png"
"Biozentrale Bio Getrocknete Tomaten 150g","biozentrale","4005009100368","3.99","150g (1 kg = 26,60 €)","Fertiggerichte & Konserven","False","https://img.rewe-static.de/0524323/23484274_digital-image.png"
"REWE Beste Wahl Tortelloni 4-Käse 250g","REWE Beste Wahl","4337256675673","1.89","250g (1 kg = 7,56 €)","Fertiggerichte & Konserven","False","https://img.rewe-static.de/0118016/20248398_digital-image.png"
"Knorr Suppenliebe Buchstaben Suppe 3 Teller","Knorr","8712566332090","0.99","750ml (1 l = 1,32 €)","Fertiggerichte & Konserven","False","https://img.rewe-static.de/1371718/27822281_digital-image.png"
"Meica Mini Wini Würstchen-Kette 190g","Meica","4000503100500","4.49","190g (1 kg = 23,63 €)","Fertiggerichte & Konserven","False","https://img.rewe-static.de/7447078/1745400_digital-image.png"
"Klüvers Manufaktur Erbsensuppe 690g","NA","4260350710110","6.49","690g (1 kg = 9,41 €)","Fertiggerichte & Konserven","False","https://img.rewe-static.de/3272145/36919845_digital-image.png"
"Kühne Cocktail-Cornichons 110g","Kühne","40804637","2.19","110g (1 kg = 19,91 €)","Fertiggerichte & Konserven","False","https://img.rewe-static.de/4908660/2732460_digital-image.png"
"REWE Beste Wahl 4-Käse-Tortelloni 1kg","REWE Beste Wahl","4337256674812","4.99","1000g","Fertiggerichte & Konserven","False","https://img.rewe-static.de/0118021/20677795_digital-image.png"
"Lien Ying Creola de Coco 200ml","Lien Ying","4013200883324","2.19","200ml (1 l = 10,95 €)","Fertiggerichte & Konserven","False","https://img.rewe-static.de/2370743/23018212_digital-image.png"
"Maggi Fix Paprika-Hack Pfanne 42g","Maggi","8445290056603","1.09","42g (1 kg = 25,95 €)","Fertiggerichte & Konserven","False","https://img.rewe-static.de/8740209/35900046_digital-image.png"
"Jürgen Langbein Lamm-Fond 500ml","Jürgen Langbein","4007680105366","2.99","500ml (1 l = 5,98 €)","Fertiggerichte & Konserven","False","https://img.rewe-static.de/5719941/5498280_digital-image.png"
"Christians Grød Grütze Gartenfrüchte 500g","Christians Grød","5701116201088","2.29","500g (1 kg = 4,58 €)","Fertiggerichte & Konserven","False","https://img.rewe-static.de/7368631/7479700_digital-image.png"
"REWE Beste Wahl Kartoffeln 420g","REWE Beste Wahl","4337256468428","1.59","420g (1 kg = 3,79 €)","Fertiggerichte & Konserven","False","https://img.rewe-static.de/0116760/22864939_digital-image.png"
"Followfish MSC Thunfisch-Filets Natur 130g","Followfish","4250073450639","3.29","130g (1 kg = 25,31 €)","Fertiggerichte & Konserven","False","https://img.rewe-static.de/1008534/21817144_digital-image.png"
"Bonduelle Kichererbsen Bohnen Mix 125g","Bonduelle","3083681126815","1.39","125g (1 kg = 11,12 €)","Fertiggerichte & Konserven","False","https://img.rewe-static.de/8687506/35095894_digital-image.png"
"Erasco Tomaten-Cremesuppe 390ml","Erasco","4037300107326","1.79","390ml (1 l = 4,59 €)","Fertiggerichte & Konserven","False","https://img.rewe-static.de/6923399/1854270_digital-image.png"
"Nissin Soba Peking Duck 87g","Nissin","5997523313258","1.79","87g (1 kg = 20,57 €)","Fertiggerichte & Konserven","False","https://img.rewe-static.de/8302204/29329582_digital-image.png"
"REWE Bio Fruchtpüree Apfel Banane 400g","REWE Bio","4337256735827","1.99","400g (1 kg = 4,98 €)","Fertiggerichte & Konserven","False","https://img.rewe-static.de/9011626/42307403_digital-image.png"
"Bonduelle Goldmais 140g","Bonduelle","3083681117271","1.39","140g (1 kg = 9,93 €)","Fertiggerichte & Konserven","False","https://img.rewe-static.de/3665178/3278650_digital-image.png"
"REWE Beste Wahl Ananas ganze Scheiben 432g","REWE Beste Wahl","4337256628396","1.79","272g (1 kg = 6,58 €)","Fertiggerichte & Konserven","False","https://img.rewe-static.de/7636060/39326525_digital-image.png"
"Maggi 5 Minuten Terrine Kartoffelbrei mit Röstzwiebeln & Croutons XL 76g","Maggi","8445290135308","1.59","76g (1 kg = 20,92 €)","Fertiggerichte & Konserven","False","https://img.rewe-static.de/8772572/37602626_digital-image.png"
"Kucharek Gewürzmischung 200g","Kucharek","5901135023245","0.99","200g (1 kg = 4,95 €)","Fertiggerichte & Konserven","False","https://img.rewe-static.de/1321672/27734977_digital-image.png"
"Salatkönig Kartoffelcreme 250ml","Salatkönig","4045800767384","1.99","250ml (1 l = 7,96 €)","Fertiggerichte & Konserven","False","https://img.rewe-static.de/5521980/26730761_digital-image.png"
"Bonduelle Bio Weiße Bohnen 250g","Bonduelle","3083681153415","2.29","250g (1 kg = 9,16 €)","Fertiggerichte & Konserven","False","https://img.rewe-static.de/8881712/42405732_digital-image.png"
"Kühne Apfelrotkohl mit Apfelstücken 650g","Kühne","40804743","2.09","650g (1 kg = 3,22 €)","Fertiggerichte & Konserven","False","https://img.rewe-static.de/5334594/1856090_digital-image.png"
"Nissin Cup Noodles Soba Yakitory Chicken 89g","Nissin","5997523313234","1.79","89g (1 kg = 20,11 €)","Fertiggerichte & Konserven","False","https://img.rewe-static.de/3379357/31408691_digital-image.png"
"Maggi Magic Asia Saucy Noodles Teriyaki 75g","Maggi","7613037683660","1.49","75g (1 kg = 19,87 €)","Fertiggerichte & Konserven","False","https://img.rewe-static.de/8434420/30961195_digital-image.png"
"REWE Beste Wahl Fuet Salami luftgetrocknet 100g","REWE Beste Wahl","4337256730730","2.99","100g (1 kg = 29,90 €)","Fertiggerichte & Konserven","False","https://img.rewe-static.de/7633942/42749723_digital-image.png"
"REWE Beste Wahl Cocktail-Cornichons 95g","REWE Beste Wahl","4337256633840","1.19","95g (1 kg = 12,53 €)","Fertiggerichte & Konserven","False","https://img.rewe-static.de/2060201/22683021_digital-image.png"
"Maggi Asia Noodle Cup Chicken 63g","Maggi","7613036680028","1.49","63g (1 kg = 23,65 €)","Fertiggerichte & Konserven","False","https://img.rewe-static.de/8257336/29000584_digital-image.png"
"REWE Beste Wahl Honey Peppers mit Frischkäsecreme 150g","REWE Beste Wahl","4337256719179","2.29","150g (1 kg = 15,27 €)","Fertiggerichte & Konserven","False","https://img.rewe-static.de/8996883/41923224_digital-image.png"
"REWE Beste Wahl Geschälte Tomaten 240g","REWE Beste Wahl","4337256371964","1.19","240g (1 kg = 4,96 €)","Fertiggerichte & Konserven","False","https://img.rewe-static.de/1044599/22190183_digital-image.png"
"Maggi 5 Minuten Terrine Nudeln in Waldpilz-Rahmsauce 56g","Maggi","7613037639513","1.49","56g (1 kg = 26,61 €)","Fertiggerichte & Konserven","False","https://img.rewe-static.de/8396688/30761752_digital-image.png"
"Meica Geflügel-Würstchen extra knackig 250g","Meica","4000503148601","4.49","250g (1 kg = 17,96 €)","Fertiggerichte & Konserven","False","https://img.rewe-static.de/7748450/5400990_digital-image.png"
"Maggi 5 Minuten Terrine Kartoffelbrei mit Erbsen & Möhren 43g","Maggi","7613037639568","1.49","43g (1 kg = 34,65 €)","Fertiggerichte & Konserven","False","https://img.rewe-static.de/8398554/30761275_digital-image.png"
"Maggi Fix für Paprika-Sahne Hähnchen 33g","Maggi","7613036028462","1.09","31g (1 kg = 35,16 €)","Fertiggerichte & Konserven","False","https://img.rewe-static.de/2732811/24817190_digital-image.png"
"Maggi 5 Minuten Terrine Hühner Nudeltopf 41g","Maggi","7613037683561","1.49","41g (1 kg = 36,34 €)","Fertiggerichte & Konserven","False","https://img.rewe-static.de/8397701/30761751_digital-image.png"
"Maggi Asia Noodle Cup Duck 63g","Maggi","7613036679978","1.49","63g (1 kg = 23,65 €)","Fertiggerichte & Konserven","False","https://img.rewe-static.de/8107142/29000600_digital-image.png"
"REWE Beste Wahl Spargelstangen kurz 170g","REWE Beste Wahl","4337256479318","2.49","170g (1 kg = 14,65 €)","Fertiggerichte & Konserven","False","https://img.rewe-static.de/0137788/22860978_digital-image.png"
"Erasco Vegetarischer Linsen-Eintopf 800g","Erasco","4037300104011","3.29","800g (1 kg = 4,11 €)","Fertiggerichte & Konserven","False","https://img.rewe-static.de/2749747/26280927_digital-image.png"
"REWE Feine Welt Preiselbeeren mit Zartbitterschokolade 220g","REWE Feine Welt","4337256672771","1.99","220g (1 kg = 9,05 €)","Fertiggerichte & Konserven","False","https://img.rewe-static.de/7658933/40082665_digital-image.png"
"Samyang Buldak Cheese Flavour Hot Chicken Flavor Ramen 140g","NA","8801073116474","2.29","140g (1 kg = 16,36 €)","Fertiggerichte & Konserven","False","https://img.rewe-static.de/9969483/45299683_digital-image.png"
"Bonduelle Bio Goldmais 285g","Bonduelle","3083680577472","2.29","285g (1 kg = 8,04 €)","Fertiggerichte & Konserven","False","https://img.rewe-static.de/0094991/2555420_digital-image.png"
"Hengstenberg Cornichons klassisch-fein 190g","Hengstenberg","40081434","2.49","190g (1 kg = 13,11 €)","Fertiggerichte & Konserven","False","https://img.rewe-static.de/3704270/3390500_digital-image.png"
"Nongshim Cup Noodles Kimchi 75g","Nongshim","8801043028158","1.89","75g (1 kg = 25,20 €)","Fertiggerichte & Konserven","False","https://img.rewe-static.de/3335899/28086973_digital-image.png"
"Miyako Sushi Ginger 110g","Miyako","4316734180946","2.69","110g (1 kg = 24,45 €)","Fertiggerichte & Konserven","False","https://img.rewe-static.de/8318861/29520198_digital-image.png"
"Bonduelle Erbsen & Möhrchen 530g","Bonduelle","3083681158106","2.39","530g (1 kg = 4,51 €)","Fertiggerichte & Konserven","False","https://img.rewe-static.de/7706716/38308805_digital-image.png"
"Maggi Ravioli Diavoli in scharfer Tomatensauce 800g","Maggi","4005500333074","2.99","800g (1 kg = 3,74 €)","Fertiggerichte & Konserven","False","https://img.rewe-static.de/4448073/1127260_digital-image.png"
"Erasco Weiße-Bohnen-Eintopf 800g","Erasco","4037300108255","3.29","800g (1 kg = 4,11 €)","Fertiggerichte & Konserven","False","https://img.rewe-static.de/5222516/5333320_digital-image.png"
"Bonduelle Kidney Bohnen 250g","Bonduelle","3083680009508","1.79","250g (1 kg = 7,16 €)","Fertiggerichte & Konserven","False","https://img.rewe-static.de/5760348/2212260_digital-image.png"
"Müller's Heidefrühstück 160g","Müller's Hausmacher Wurst","40354033","2.59","160g (1 kg = 16,19 €)","Fertiggerichte & Konserven","False","https://img.rewe-static.de/3705935/21159770_digital-image.png"
"Ibero Schwarze Oliven in Scheiben 105g","Ibero","4013200555337","2.29","105g (1 kg = 21,81 €)","Fertiggerichte & Konserven","False","https://img.rewe-static.de/0407734/22444483_digital-image.png"
"Christians Grød Burger Gurken 325g","Christians Grød","5701116208926","2.29","325g (1 kg = 7,05 €)","Fertiggerichte & Konserven","False","https://img.rewe-static.de/2379184/23768579_digital-image.png"
"Maggi Blumenkohl-Broccoli-Cremesuppe ergibt 500ml","Maggi","7613287818263","1.19","500ml (1 l = 2,38 €)","Fertiggerichte & Konserven","False","https://img.rewe-static.de/7933292/34255475_digital-image.png"
"Hak Apfelkompott 345g","HAK","8720600621772","2.39","345g (1 kg = 6,93 €)","Fertiggerichte & Konserven","False","https://img.rewe-static.de/8822628/37357118_digital-image.png"
"Bonduelle Erbsen & Möhrchen 130g","Bonduelle","3083681158021","1.39","130g (1 kg = 10,69 €)","Fertiggerichte & Konserven","False","https://img.rewe-static.de/8890474/38309067_digital-image.png"
"REWE Beste Wahl Erbsen sehr fein mit Pariser Karotten klein 420g","REWE Beste Wahl","4337256269360","1.69","420g (1 kg = 4,02 €)","Fertiggerichte & Konserven","False","https://img.rewe-static.de/0116911/22831741_digital-image.png"
"REWE Beste Wahl Marinierter Oliven-Mix 150g","REWE Beste Wahl","4337256732925","2.29","150g (1 kg = 15,27 €)","Fertiggerichte & Konserven","False","https://img.rewe-static.de/7635153/41839440_digital-image.png"
"REWE Beste Wahl Rindergulasch 400g","REWE Beste Wahl","4388844190528","4.79","400g (1 kg = 11,98 €)","Fertiggerichte & Konserven","False","https://img.rewe-static.de/2455271/24373580_digital-image.png"
"REWE Regional Kleine Wiener Würstchen 380g","REWE Regional","4337256436823","3.39","150g (1 kg = 22,60 €)","Fertiggerichte & Konserven","False","https://img.rewe-static.de/8753648/36283842_digital-image.png"
"REWE Beste Wahl Kräuter Saucenbasis 380ml","REWE Beste Wahl","4337256787581","1.39","380ml","Fertiggerichte & Konserven","False","https://img.rewe-static.de/9151340/43788108_digital-image.png"
"Knorr Fix Rouladen für 3 Portionen","Knorr","8717163861806","0.99","31g (1 kg = 31,94 €)","Fertiggerichte & Konserven","False","https://img.rewe-static.de/8356519/30278526_digital-image.png"
"REWE Bio Olivenmix mit Kräutern 180g","REWE Bio","4337256427074","2.99","180g (1 kg = 16,61 €)","Fertiggerichte & Konserven","False","https://img.rewe-static.de/8436974/31863917_digital-image.png"
"Knorr Fix Nudel-Hackfleisch-Gratin 36g","Knorr","8718114824970","0.99","36g (1 kg = 27,50 €)","Fertiggerichte & Konserven","False","https://img.rewe-static.de/1014909/8885890_digital-image.png"
"Knorr Feinschmecker Waldpilz Cremesuppe 500ml","Knorr","8711200339860","1.59","500ml (1 l = 3,18 €)","Fertiggerichte & Konserven","False","https://img.rewe-static.de/8151569/28407763_digital-image.png"
"REWE Beste Wahl Haehnchengeschnetzeltes in Champignonrahmsauce 400g","REWE Beste Wahl","4337256641074","3.49","400g (1 kg = 8,73 €)","Fertiggerichte & Konserven","False","https://img.rewe-static.de/7677904/40322646_digital-image.png"
"Erasco Hühner-Nudeltopf mit natürlicher Hühnerbrühe 400g","Erasco","4037300103373","1.99","400g (1 kg = 4,98 €)","Fertiggerichte & Konserven","False","https://img.rewe-static.de/6809405/2231660_digital-image.png"
"Maggi Fix Chili Con Carne 33g","Maggi","7613287053893","1.09","33g (1 kg = 33,03 €)","Fertiggerichte & Konserven","False","https://img.rewe-static.de/8566967/32805590_digital-image.png"
"Erasco Hühner-Reistopf 400g","Erasco","4037300103328","1.99","400g (1 kg = 4,98 €)","Fertiggerichte & Konserven","False","https://img.rewe-static.de/8282145/8135460_digital-image.png"
"REWE Beste Wahl Delikatess-Rotkohl 650g","REWE Beste Wahl","4337256666206","1.29","650g (1 kg = 1,98 €)","Fertiggerichte & Konserven","False","https://img.rewe-static.de/1046968/23343245_digital-image.png"
"Vifon o smaku Rosolu Instant-Nudelsuppe mit Gemüsebrühegeschmack 65g","Vifon","5901882017863","0.99","65g","Fertiggerichte & Konserven","False","https://img.rewe-static.de/7902849/44097009_digital-image.png"
"Erasco Rindfleisch-Nudeltopf 400g","Erasco","4037300103878","1.99","400g (1 kg = 4,98 €)","Fertiggerichte & Konserven","False","https://img.rewe-static.de/5497124/8169170_digital-image.png"
"Erasco Pfifferling-Rahmsuppe 390ml","Erasco","4037300107661","1.79","390ml (1 l = 4,59 €)","Fertiggerichte & Konserven","False","https://img.rewe-static.de/6744028/7477230_digital-image.png"
"REWE Bio Erbseneintopf 400g","REWE Bio","4388860419771","1.69","400g (1 kg = 4,23 €)","Fertiggerichte & Konserven","False","https://img.rewe-static.de/8381730/30799012_digital-image.png"
"Bonduelle Grüne Brechbohnen fein 455g","Bonduelle","3083680002165","2.39","455g (1 kg = 5,25 €)","Fertiggerichte & Konserven","False","https://img.rewe-static.de/1180517/23012071_digital-image.png"
"Maggi Fix für Köttbullar 34g","Maggi","7613031218004","1.09","34g (1 kg = 32,06 €)","Fertiggerichte & Konserven","False","https://img.rewe-static.de/6538240/7477490_digital-image.png"
"Maggi Fix für Tomaten Bolognese 50g","Maggi","7613035110878","1.09","50g (1 kg = 21,80 €)","Fertiggerichte & Konserven","False","https://img.rewe-static.de/2413687/23783716_digital-image.png"
"Erasco Erbsen-Eintopf mit Würstchen 800g","Erasco","4037300108309","3.29","800g (1 kg = 4,11 €)","Fertiggerichte & Konserven","False","https://img.rewe-static.de/6744125/5666160_digital-image.png"
"Maggi Fix für Ungarisches Gulasch 56g","Maggi","7613036028301","1.09","56g (1 kg = 19,46 €)","Fertiggerichte & Konserven","False","https://img.rewe-static.de/2413385/23886504_digital-image.png"
"Maggi Ravioli Gemüse vegan 800g","Maggi","4005500330318","2.99","800g (1 kg = 3,74 €)","Fertiggerichte & Konserven","False","https://img.rewe-static.de/9282840/19500910_digital-image.png"
"REWE Beste Wahl Gegrillte Paprika mit Knoblauch 320g","REWE Beste Wahl","4337256673532","2.49","320g (1 kg = 7,78 €)","Fertiggerichte & Konserven","False","https://img.rewe-static.de/8428818/31590359_digital-image.png"
"Erasco Kartoffeltopf mit Würstchen 400g","Erasco","4037300103496","1.99","400g (1 kg = 4,98 €)","Fertiggerichte & Konserven","False","https://img.rewe-static.de/5688426/7454520_digital-image.png"
"Erasco Kartoffeltopf mit Würstchen 800g","Erasco","4037300108491","3.29","800g (1 kg = 4,11 €)","Fertiggerichte & Konserven","False","https://img.rewe-static.de/5540372/2268540_digital-image.png"
"REWE Beste Wahl Kräuter-Knoblauch Saucenbasis 380ml","REWE Beste Wahl","4337256785396","1.39","380ml","Fertiggerichte & Konserven","False","https://img.rewe-static.de/9055338/43788112_digital-image.png"
"REWE Beste Wahl Thunfisch Filets geschnitten in Sonnenblumenöl MSC 80g","REWE Beste Wahl","4337256646369","2.49","2x80g (1 kg = 15,56 €)","Fertiggerichte & Konserven","False","https://img.rewe-static.de/8632511/34602258_digital-image.png"
"Nissin Soba Nudeln mit Yakisoba-Sauce Classic 90g","Nissin","5997523313111","1.79","90g (1 kg = 19,89 €)","Fertiggerichte & Konserven","False","https://img.rewe-static.de/1143493/12480600_digital-image.png"
"Erasco Grüne-Bohnen-Eintopf 800g","Erasco","4037300108217","3.29","800g (1 kg = 4,11 €)","Fertiggerichte & Konserven","False","https://img.rewe-static.de/5514959/1478590_digital-image.png"
"Du darfst Rinderroulade 400g","Du darfst","4044983046576","2.79","400g (1 kg = 6,98 €)","Fertiggerichte & Konserven","False","https://img.rewe-static.de/4706188/1826410_digital-image.png"
"Hengstenberg Knax Gurken Polnische Art 360g","Hengstenberg","4008100141568","2.99","360g (1 kg = 8,31 €)","Fertiggerichte & Konserven","False","https://img.rewe-static.de/3704262/1312450_digital-image.png"
"Hak Schwarze Bohnen 200g","HAK","8720600618895","2.19","200g (1 kg = 10,95 €)","Fertiggerichte & Konserven","False","https://img.rewe-static.de/8018357/31502940_digital-image.png"
"Maggi Fix Schinken-Hack Röllchen 30g","Maggi","7613287254689","1.09","30g (1 kg = 36,33 €)","Fertiggerichte & Konserven","False","https://img.rewe-static.de/8569186/32805598_digital-image.png"
"Maggi Fix Rahm-Champignons 36g","Maggi","7613287238788","1.09","36g (1 kg = 30,28 €)","Fertiggerichte & Konserven","False","https://img.rewe-static.de/8567978/33052659_digital-image.png"
"REWE to go Tomatensuppe 430ml","REWE to go","4337256101646","2.99","430ml (1 l = 6,95 €)","Fertiggerichte & Konserven","False","https://img.rewe-static.de/7253341/27967197_digital-image.png"
"Odenwald Apfelmus ohne Glukose 355g","Odenwald","4008122020971","1.69","355g (1 kg = 4,76 €)","Fertiggerichte & Konserven","False","https://img.rewe-static.de/8898099/38811059_digital-image.png"
"REWE Beste Wahl Baked Beans in Tomatensoße 420g","REWE Beste Wahl","4337256556781","1.39","420g (1 kg = 3,31 €)","Fertiggerichte & Konserven","False","https://img.rewe-static.de/1929696/21596485_digital-image.png"
"Knorr Penne mit Broccoli 146g","Knorr","8720182403292","1.19","146g (1 kg = 8,15 €)","Fertiggerichte & Konserven","False","https://img.rewe-static.de/8777017/36243708_digital-image.png"
"REWE Beste Wahl Tortelloni 4-Käse 500g","REWE Beste Wahl","4337256672986","3.49","500g (1 kg = 6,98 €)","Fertiggerichte & Konserven","False","https://img.rewe-static.de/0118020/20677893_digital-image.png"
"Maggi Fix für Makkaroni Lasagne 40g","Maggi","7613034330444","1.09","40g (1 kg = 27,25 €)","Fertiggerichte & Konserven","False","https://img.rewe-static.de/1962992/21344233_digital-image.png"
"Rügenfisch Scomber Mix 60g","Rügenfisch","4012839567131","1.79","60g (1 kg = 29,83 €)","Fertiggerichte & Konserven","False","https://img.rewe-static.de/2659352/26060989_digital-image.png"
"Knorr Fix Lachs auf Blattspinat 28g","Knorr","8718114827698","0.99","28g (1 kg = 35,36 €)","Fertiggerichte & Konserven","False","https://img.rewe-static.de/1014916/9690680_digital-image.png"
"Pfanni Kartoffel Gratin 2x200g","Pfanni","4000400162397","2.49","400g (1 kg = 6,23 €)","Fertiggerichte & Konserven","False","https://img.rewe-static.de/0532075/3870740_digital-image.png"
"Leimer Mark-Klößchen 200g","Leimer","4000186035618","2.89","200g (1 kg = 14,45 €)","Fertiggerichte & Konserven","False","https://img.rewe-static.de/8206643/35833899_digital-image.png"
"Knorr Fix Knuspriges Gemüse Rösti für 2 Portionen 58g","Knorr","8720182876836","0.99","58g (1 kg = 17,07 €)","Fertiggerichte & Konserven","False","https://img.rewe-static.de/9105971/44354880_digital-image.png"
"Deutsche See Thunfisch in nativem Olivenöl extra 185g","Deutsche See","4009239608731","3.29","130g (1 kg = 25,31 €)","Fertiggerichte & Konserven","False","https://img.rewe-static.de/8703562/35463664_digital-image.png"
"Maggi Fette Brühe Stange mit 10x10g ergibt 5 Liter","Maggi","4005500306504","0.99","10x10g (1 kg = 9,90 €)","Fertiggerichte & Konserven","False","https://img.rewe-static.de/0232289/7478060_digital-image.png"
"Yum Yum Chicken Flavour 60g","YumYum","8852018101024","0.49","60g (1 kg = 8,17 €)","Fertiggerichte & Konserven","True","https://img.rewe-static.de/6805612/22151215_digital-image.png"
"Mutti Bio Gehackte Tomaten 400g","MUTTI","8005110413520","1.99","400g (1 kg = 4,98 €)","Fertiggerichte & Konserven","False","https://img.rewe-static.de/2411049/26939485_digital-image.png"
"Maggi Fix Hackbraten 70g","Maggi","7613287053879","1.09","70g (1 kg = 15,57 €)","Fertiggerichte & Konserven","False","https://img.rewe-static.de/8567474/32805592_digital-image.png"
"Maggi Fix für Ofen-Kartoffeln mit Hackfleisch","Maggi","7613035367586","1.09","34g (1 kg = 32,06 €)","Fertiggerichte & Konserven","False","https://img.rewe-static.de/2732809/24885082_digital-image.png"
"Christians Grød Grütze Sauerkirsche 500g","Christians Grød","5701116201071","2.29","500g (1 kg = 4,58 €)","Fertiggerichte & Konserven","False","https://img.rewe-static.de/5456517/3309940_digital-image.png"
"Fairtrade Original Biologische Kokosmilch 400ml","Fairtrade Original","8711741355893","2.59","400ml (1 l = 6,48 €)","Fertiggerichte & Konserven","False","https://img.rewe-static.de/3449428/31502314_digital-image.png"
"Fitini Pfirsiche halbe Frucht 205g","Fitini","4012712010280","2.79","205g (1 kg = 13,61 €)","Fertiggerichte & Konserven","False","https://img.rewe-static.de/5410495/1167730_digital-image.png"
"Hak Rote Bete in Scheiben 110g","HAK","8720600617416","1.49","110g (1 kg = 13,55 €)","Fertiggerichte & Konserven","False","https://img.rewe-static.de/8298935/29367599_digital-image.png"
"REWE Bio Kidney-Bohnen 400g","REWE Bio","4337256811552","1.19","255g (1 kg = 4,67 €)","Fertiggerichte & Konserven","False","https://img.rewe-static.de/8979131/41413859_digital-image.png"
"Olivas Sevillanas grüne Oliven 80g","NA","4260394015424","1.49","80g (1 kg = 18,63 €)","Fertiggerichte & Konserven","False","https://img.rewe-static.de/3063082/29519978_digital-image.png"
"Mayo Feinkost Putensalat in Mango-Curry-Creme 150g","Mayo Feinkost","4009457383496","2.69","150g (1 kg = 17,93 €)","Fertiggerichte & Konserven","False","https://img.rewe-static.de/8392838/29585055_digital-image.png"
"Böklunder Bauernfrühstück 200g","Böklunder","4000404114491","1.99","200g (1 kg = 9,95 €)","Fertiggerichte & Konserven","False","https://img.rewe-static.de/8060864/29856200_digital-image.png"
"REWE Beste Wahl Passierte Tomaten 500g","REWE Beste Wahl","4337256725224","1.19","500g (1 kg = 2,38 €)","Fertiggerichte & Konserven","False","https://img.rewe-static.de/1060727/22905868_digital-image.png"
"Knorr Fix Broccoli-Gratin 49g","Knorr","8717163935187","0.99","49g (1 kg = 20,20 €)","Fertiggerichte & Konserven","False","https://img.rewe-static.de/8047209/30278552_digital-image.png"
"Knorr Suppenliebe Suppe mit Rind 750ml","Knorr","8711327406391","0.99","750ml (1 l = 1,32 €)","Fertiggerichte & Konserven","False","https://img.rewe-static.de/7990692/31408879_digital-image.png"
"Tante Fanny Frische Flammkuchenböden 340g","Tante Fanny","9120003412332","2.89","340g (1 kg = 8,50 €)","Fertiggerichte & Konserven","False","https://img.rewe-static.de/2499021/24499219_digital-image.png"
"Hawesta Heringsfilets in Tomatencreme 200g","Hawesta","4006922000407","1.99","200g (1 kg = 9,95 €)","Fertiggerichte & Konserven","False","https://img.rewe-static.de/0161527/37758245_digital-image.png"
"Knorr Bouillon Pur Gemüse Brühe 6x500ml","Knorr","8712566361458","2.79","3g (1 l = 0,93 €)","Fertiggerichte & Konserven","False","https://img.rewe-static.de/1301619/16737430_digital-image.png"
"REWE Beste Wahl Frikadelle mit Möhrengemüse 400g","REWE Beste Wahl","4337256353779","3.49","400g (1 kg = 8,73 €)","Fertiggerichte & Konserven","False","https://img.rewe-static.de/7854275/34487673_digital-image.png"
"Saupiquet Thunfisch-Filets in Olivenöl 2x52g","Saupiquet","3165950308174","3.79","104g (1 kg = 36,44 €)","Fertiggerichte & Konserven","False","https://img.rewe-static.de/0044655/7388120_digital-image.png"
"Maggi Brühwürfel 40g für 10x0,25l","Maggi","40055480","1.09","10x0,25l (1 l = 0,44 €)","Fertiggerichte & Konserven","False","https://img.rewe-static.de/0395951/7478840_digital-image.png"
"Oro di Parma Stückige Tomaten 400g","Oro di Parma","40081236","1.99","400g (1 kg = 4,98 €)","Fertiggerichte & Konserven","False","https://img.rewe-static.de/5795680/37809053_digital-image.png"
"Bonduelle Weiße Bohnen 500g","Bonduelle","3083680001717","2.39","500g (1 kg = 4,78 €)","Fertiggerichte & Konserven","False","https://img.rewe-static.de/7101210/8132330_digital-image.png"
"REWE Beste Wahl Schattenmorellen 370g","REWE Beste Wahl","4337256672924","2.89","370g (1 kg = 7,81 €)","Fertiggerichte & Konserven","False","https://img.rewe-static.de/0133324/22791137_digital-image.png"
"REWE Beste Wahl Hühner-Nudeltopf 800g","REWE Beste Wahl","4337256655415","2.29","800g (1 kg = 2,86 €)","Fertiggerichte & Konserven","False","https://img.rewe-static.de/2348293/23797022_digital-image.png"
"Saupiquet MSC Thunfisch-Salat Western 160g","Saupiquet","3165950580853","2.99","160g (1 kg = 18,69 €)","Fertiggerichte & Konserven","False","https://img.rewe-static.de/7236968/27618132_digital-image.png"
"REWE Beste Wahl Gurkensticks 360g","REWE Beste Wahl","4337256271912","2.19","360g (1 kg = 6,08 €)","Fertiggerichte & Konserven","False","https://img.rewe-static.de/0119678/22831742_digital-image.png"
"Maggi 5 Minuten Terrine Kartoffelbrei mit Crème fraiche & Schnittlauch 53g","Maggi","7613037639971","1.49","53g (1 kg = 28,11 €)","Fertiggerichte & Konserven","False","https://img.rewe-static.de/8023394/30761753_digital-image.png"
"Feinkost Dittman Sardellen-Filets in Öl 100g","Feinkost Dittmann","4002239220507","3.69","100g (1 kg = 36,90 €)","Fertiggerichte & Konserven","False","https://img.rewe-static.de/2825418/25981318_digital-image.png"
"Knorr Fix Lasagne Unsere Beste 53g","Knorr","8712100724039","0.99","53g (1 kg = 18,68 €)","Fertiggerichte & Konserven","False","https://img.rewe-static.de/2372276/23541544_digital-image.png"
"Saupiquet Thunfisch für Pasta Knoblauch & Peperoncino 104g","Saupiquet","3165954581016","3.29","104g (1 kg = 20,56 €)","Fertiggerichte & Konserven","False","https://img.rewe-static.de/8730458/3092160_digital-image.png"
"Ibero Kapern 60g","Ibero","4013200552220","1.89","60g (1 kg = 31,50 €)","Fertiggerichte & Konserven","False","https://img.rewe-static.de/7838530/22380948_digital-image.png"
"Mutti Bio passierte Tomaten 560g","MUTTI","8005110171710","2.59","560g (1 kg = 4,63 €)","Fertiggerichte & Konserven","False","https://img.rewe-static.de/8334091/32386733_digital-image.png"
"Hawesta Heringsfilets in Paprikacreme 200g","Hawesta","4006922001503","1.99","200g (1 kg = 9,95 €)","Fertiggerichte & Konserven","False","https://img.rewe-static.de/0161578/3740760_digital-image.png"
"REWE Beste Wahl Kokosnussmilch Creme 250ml","REWE Beste Wahl","4337256522182","1.09","250ml (1 l = 4,36 €)","Fertiggerichte & Konserven","False","https://img.rewe-static.de/8130266/28333169_digital-image.png"
"Knorr Spaghetteria Pomodoro Mozzarella 163g","Knorr","8720182405050","1.19","163g (1 kg = 7,30 €)","Fertiggerichte & Konserven","False","https://img.rewe-static.de/7781429/36396289_digital-image.png"
"Feinkost Dittmann Pfefferonen mild 200g","Feinkost Dittmann","4002239854009","2.39","200g (1 kg = 11,95 €)","Fertiggerichte & Konserven","False","https://img.rewe-static.de/5744440/7747780_digital-image.png"
"REWE Beste Wahl Krautsalat mit Paprika 400g","REWE Beste Wahl","4337256192378","1.49","400g (1 kg = 3,73 €)","Fertiggerichte & Konserven","False","https://img.rewe-static.de/0277678/20250258_digital-image.png"
"REWE to go Karotten-Ingwer-Suppe 430ml","REWE to go","4337256099868","2.99","430ml (1 l = 6,95 €)","Fertiggerichte & Konserven","False","https://img.rewe-static.de/7253548/27967227_digital-image.png"
"Block House Mini Brot Kräuterbutter 125g","Block House","4009286155141","1.49","125g (1 kg = 11,92 €)","Fertiggerichte & Konserven","False","https://img.rewe-static.de/8756879/36433452_digital-image.png"
"REWE Beste Wahl Jalapeños in Scheiben 160g","REWE Beste Wahl","4337256669825","1.69","160g (1 kg = 10,56 €)","Fertiggerichte & Konserven","False","https://img.rewe-static.de/2286314/23565652_digital-image.png"
"REWE Beste Wahl Schwarzwurzeln 290g","REWE Beste Wahl","4337256473774","1.59","290g (1 kg = 5,48 €)","Fertiggerichte & Konserven","False","https://img.rewe-static.de/0117509/22857150_digital-image.png"
"REWE Bio Tomaten in Stücken mit Kräutern 240g","REWE Bio","4337256356664","0.65","240g (1 kg = 1,63 €)","Fertiggerichte & Konserven","False","https://img.rewe-static.de/8668642/36263789_digital-image.png"
"Dörffler Kleine Dörffler Würstchen 125g, 3 Stück","Dörffler","4048952504098","1.99","125g (1 kg = 15,92 €)","Fertiggerichte & Konserven","False","https://img.rewe-static.de/7257848/27648222_digital-image.png"
"REWE Bio Gnocchi 300g","REWE Bio","4337256299572","2.19","300g (1 kg = 7,30 €)","Fertiggerichte & Konserven","False","https://img.rewe-static.de/1027200/8672520_digital-image.png"
"Diamond China Gemüse 175g","Diamond","4316734049953","2.29","175g (1 kg = 13,09 €)","Fertiggerichte & Konserven","False","https://img.rewe-static.de/0070902/29520122_digital-image.png"
"REWE Bio Braune Linsen 400g","REWE Bio","4337256790642","1.39","265g (1 kg = 5,25 €)","Fertiggerichte & Konserven","False","https://img.rewe-static.de/7602279/42307391_digital-image.png"
"Maggi Fix für Curry Geschnetzeltes 41g","Maggi","7613036027168","1.09","41g (1 kg = 26,59 €)","Fertiggerichte & Konserven","False","https://img.rewe-static.de/2413654/23685888_digital-image.png"
"Maggi Gemüse Brühe 168g, ergibt 8x1l","Maggi","7613287093394","1.99","8l (1 l = 0,25 €)","Fertiggerichte & Konserven","False","https://img.rewe-static.de/8567698/33381880_digital-image.png"
"Feinkost Dittmann Spanische Oliven grün 60g","Feinkost Dittmann","4002239483001","1.79","60g (1 kg = 29,83 €)","Fertiggerichte & Konserven","False","https://img.rewe-static.de/3692221/2514980_digital-image.png"
"Grossman grüne Oliven mit Frischkäsefüllung 150g","Grossmann","4006495637550","2.69","150g (1 kg = 17,93 €)","Fertiggerichte & Konserven","False","https://img.rewe-static.de/2473212/28031490_digital-image.png"
"REWE Bio Apfel-Mangomark 360g","REWE Bio","4337256321280","1.15","360g (1 kg = 3,19 €)","Fertiggerichte & Konserven","False","https://img.rewe-static.de/0208863/2460150_digital-image.png"
"Maggi Fix Rahm Geschnetzeltes 36g","Maggi","7613287238320","1.09","36g (1 kg = 30,28 €)","Fertiggerichte & Konserven","False","https://img.rewe-static.de/8568876/32805596_digital-image.png"
"Saupiquet Thunfisch Naturale 56g","Saupiquet","3165950559569","1.59","56g (1 kg = 28,39 €)","Fertiggerichte & Konserven","False","https://img.rewe-static.de/0559336/3577340_digital-image.png"
"Bonduelle Weiße Bohnen 250g","Bonduelle","3083680001663","1.79","250g (1 kg = 7,16 €)","Fertiggerichte & Konserven","False","https://img.rewe-static.de/0664634/7478240_digital-image.png"
"REWE Bio Naturland Tortelloni Tomate Mozzarella 250g","REWE Bio","4337256629348","2.19","250g (1 kg = 8,76 €)","Fertiggerichte & Konserven","False","https://img.rewe-static.de/7690011/39968830_digital-image.png"
"REWE Beste Wahl Pfirsiche Halbe Frucht 250g","REWE Beste Wahl","4337256702218","1.99","250g (1 kg = 7,96 €)","Fertiggerichte & Konserven","False","https://img.rewe-static.de/7124036/27447362_digital-image.png"
"Mayo Seelachssalat 150g","Mayo Feinkost","4009457381690","1.99","150g (1 kg = 13,27 €)","Fertiggerichte & Konserven","False","https://img.rewe-static.de/8406332/7396820_digital-image.png"
"REWE Bio Erbsen 230g","REWE Bio","4337256274463","1.49","230g (1 kg = 6,48 €)","Fertiggerichte & Konserven","False","https://img.rewe-static.de/7891436/34747527_digital-image.png"
"Knorr Pasta Snack Pot Käse & Kräuter 59g","Knorr","8711327418189","1.49","59g (1 kg = 25,25 €)","Fertiggerichte & Konserven","False","https://img.rewe-static.de/8540469/32429421_digital-image.png"
"REWE Bio Apfelmark 700g","REWE Bio","4337256429085","1.45","700g (1 kg = 2,07 €)","Fertiggerichte & Konserven","False","https://img.rewe-static.de/0208859/3959270_digital-image.png"
"REWE Bio getrocknete Tomaten 180g","REWE Bio","4337256098830","2.99","180g (1 kg = 16,61 €)","Fertiggerichte & Konserven","False","https://img.rewe-static.de/8470738/32512093_digital-image.png"
"Maggi Fix Paprika Rahm Geschnetzeltes 41g","Maggi","8445290056740","1.09","41g (1 kg = 26,59 €)","Fertiggerichte & Konserven","False","https://img.rewe-static.de/7807866/35802587_digital-image.png"
"Salatkönig Weißkrautsalat 500g","Salatkönig","4045800761870","2.49","500g (1 kg = 4,98 €)","Fertiggerichte & Konserven","False","https://img.rewe-static.de/5117917/1856450_digital-image.png"
"Meica Geflügel-Würstchen extra zart 180g","Meica","4000503148502","2.69","180g (1 kg = 14,94 €)","Fertiggerichte & Konserven","False","https://img.rewe-static.de/9616799/21442464_digital-image.png"
"Popp Baked Potatoes mit Creme 650g","Popp","4045800760583","3.49","650g (1 kg = 5,37 €)","Fertiggerichte & Konserven","False","https://img.rewe-static.de/0082250/2833310_digital-image.png"
"Maggi Gemüse Brühe für 7l","Maggi","42402671","1.99","7l (1 l = 0,28 €)","Fertiggerichte & Konserven","False","https://img.rewe-static.de/7973498/31914285_digital-image.png"
"REWE Beste Wahl High Protein Wraps 320g","REWE Beste Wahl","4337256680103","1.69","320g (1 kg = 5,28 €)","Fertiggerichte & Konserven","False","https://img.rewe-static.de/8980987/41521372_digital-image.png"
"REWE Beste Wahl Bihunsuppe 400ml","REWE Beste Wahl","4337256100069","1.69","400ml (1 l = 4,23 €)","Fertiggerichte & Konserven","False","https://img.rewe-static.de/1290608/22500999_digital-image.png"
"Maggi Ravioli Bolognese 800g","Maggi","8445290145567","2.99","800g (1 kg = 3,74 €)","Fertiggerichte & Konserven","False","https://img.rewe-static.de/7801713/36085479_digital-image.png"
"Henglein Eierspätzle pfannenfertig 400g","Henglein","4001163000506","2.49","400g (1 kg = 6,23 €)","Fertiggerichte & Konserven","False","https://img.rewe-static.de/6966420/4787860_digital-image.png"
"Knorr Fix Nudel Schinken Gratin 32g","Knorr","8720182481740","0.99","32g (1 kg = 30,94 €)","Fertiggerichte & Konserven","False","https://img.rewe-static.de/8836802/37356487_digital-image.png"
"REWE Feine Welt Gemüse Fond 400ml","REWE Feine Welt","4337256401852","1.99","400ml (1 l = 4,98 €)","Fertiggerichte & Konserven","False","https://img.rewe-static.de/1019454/7962030_digital-image.png"
"REWE Beste Wahl Sonnenmais Supersweet 285g","REWE Beste Wahl","4337256740173","1.19","285g (1 kg = 4,18 €)","Fertiggerichte & Konserven","False","https://img.rewe-static.de/7254451/29124007_digital-image.png"
"REWE Bio Sauerkraut 680g","REWE Bio","4337256691697","1.85","650g (1 kg = 2,85 €)","Fertiggerichte & Konserven","False","https://img.rewe-static.de/7649389/41188791_digital-image.png"
"Tomaten getrocknet 100g","NA","8011185010052","1.99","100g (1 kg = 19,90 €)","Fertiggerichte & Konserven","False","https://img.rewe-static.de/8343334/30673204_digital-image.png"
"REWE Feine Welt Geflügel-Fond 400ml","REWE Feine Welt","4337256415804","1.99","400ml (1 l = 4,98 €)","Fertiggerichte & Konserven","False","https://img.rewe-static.de/1019455/11911850_digital-image.png"
"REWE Bio Baked Beans 400g","REWE Bio","4337256432887","1.79","400g (1 kg = 4,48 €)","Fertiggerichte & Konserven","False","https://img.rewe-static.de/8745443/36096492_digital-image.png"
"REWE Bio Gewürzgurken 360g","REWE Bio","4337256823517","2.19","360g (1 kg = 6,08 €)","Fertiggerichte & Konserven","False","https://img.rewe-static.de/0351098/3020650_digital-image.png"
"Homann Pellkartoffelsalat mit Ei & Gurke 200g","Homann","8710506083651","1.59","200g (1 kg = 7,95 €)","Fertiggerichte & Konserven","False","https://img.rewe-static.de/8754930/34937310_digital-image.png"
"Knack & Back Croissants vegan 240g","Knack&Back","3392590205543","2.49","240g (1 kg = 10,38 €)","Fertiggerichte & Konserven","False","https://img.rewe-static.de/8977214/40416378_digital-image.png"
"REWE Beste Wahl Kokosmilch fettreduziert 400ml","REWE Beste Wahl","4337256638456","1.29","400ml (1 l = 3,23 €)","Fertiggerichte & Konserven","False","https://img.rewe-static.de/7018956/26754027_digital-image.png"
"Ebbrecht Grünkohl 1kg","Ebbrecht","4006578198534","4.59","1000g","Fertiggerichte & Konserven","False","https://img.rewe-static.de/8049300/1496500_digital-image.png"
"Feinkost Dittmann Kapern 30g","Feinkost Dittmann","4002239360005","1.79","30g (1 kg = 59,67 €)","Fertiggerichte & Konserven","False","https://img.rewe-static.de/3692167/20127550_digital-image.png"
"REWE Beste Wahl Mungobohnenkeimlinge 175g","REWE Beste Wahl","4337256813778","1.39","180g (1 kg = 7,94 €)","Fertiggerichte & Konserven","False","https://img.rewe-static.de/0678931/23807276_digital-image.png"
"Tulip Dänisches Delikatess-Frühstücksfleisch 340g","Tulip","5762385061438","2.49","340g (1 kg = 7,32 €)","Fertiggerichte & Konserven","False","https://img.rewe-static.de/1049364/678780_digital-image.png"
"Kühne Rote Bete 220g","Kühne","40804309","1.79","220g (1 kg = 8,14 €)","Fertiggerichte & Konserven","False","https://img.rewe-static.de/0283398/7477690_digital-image.png"
"Maggi Brühe mit Rind 108g ergibt 6l","Maggi","42402664","1.99","6l (1 l = 0,33 €)","Fertiggerichte & Konserven","False","https://img.rewe-static.de/8476794/31984173_digital-image.png"
"Knorr Bouillon Delikatess Brühe ergibt 16l","Knorr","8720182921222","3.49","16ml (1 l = 0,35 €)","Fertiggerichte & Konserven","False","https://img.rewe-static.de/9924197/46936728_digital-image.png"
"Bonduelle Champignons Minis 1. Wahl 230g","Bonduelle","3083680975346","2.69","230g (1 kg = 11,70 €)","Fertiggerichte & Konserven","False","https://img.rewe-static.de/0744110/7477800_digital-image.png"
"Mayo Feinkost Thunfischsalat italienische Art 150g","Mayo Feinkost","4009457535116","2.19","150g (1 kg = 14,60 €)","Fertiggerichte & Konserven","False","https://img.rewe-static.de/0063242/26992296_digital-image.png"
"Feinkost Dittmann Kapern 60g","Feinkost Dittmann","4002239383523","1.79","60g (1 kg = 29,83 €)","Fertiggerichte & Konserven","False","https://img.rewe-static.de/4042409/631300_digital-image.png"
"REWE Beste Wahl Grüner Stangenspargel 185g","REWE Beste Wahl","4337256051071","2.79","185g (1 kg = 15,08 €)","Fertiggerichte & Konserven","False","https://img.rewe-static.de/0137793/22866599_digital-image.png"
"Bonduelle Chili Bohnen 400g","Bonduelle","3083681075847","1.99","400ml (1 kg = 4,98 €)","Fertiggerichte & Konserven","False","https://img.rewe-static.de/7015609/28596209_digital-image.png"
"Samyang Buldak Hot Chicken Carbonara Flavor Ramen 130g","NA","8801073116467","2.29","130g (1 kg = 17,62 €)","Fertiggerichte & Konserven","False","https://img.rewe-static.de/9968977/45298959_digital-image.png"
"Maggi Asia Nudel Snack Ente 62g","Maggi","7613036480482","0.69","62g (1 kg = 11,13 €)","Fertiggerichte & Konserven","False","https://img.rewe-static.de/8208987/28462550_digital-image.png"
"REWE Beste Wahl Delikatess-Gewürzgurken 360g","REWE Beste Wahl","4337256278287","1.59","360g (1 kg = 4,42 €)","Fertiggerichte & Konserven","False","https://img.rewe-static.de/0117026/22986643_digital-image.png"
"Bonduelle Dampfgegart Erbsen & Möhrchen 265g","Bonduelle","3083681160383","1.99","265g (1 kg = 7,51 €)","Fertiggerichte & Konserven","False","https://img.rewe-static.de/7707518/39103459_digital-image.png"
"REWE Beste Wahl Rote Bete Würfel 220g","REWE Beste Wahl","4337256489096","1.19","220g (1 kg = 5,41 €)","Fertiggerichte & Konserven","False","https://img.rewe-static.de/1473846/21001111_digital-image.png"
"Heinz Beanz Gebackene Bohnen 415g","Heinz","8715700131139","2.49","415g (1 kg = 6 €)","Fertiggerichte & Konserven","False","https://img.rewe-static.de/7563914/2678560_digital-image.png"
"YumYum Nudelsuppe Rind 60g","YumYum","8852018101017","0.49","60g (1 kg = 8,17 €)","Fertiggerichte & Konserven","True","https://img.rewe-static.de/0569550/36653057_digital-image.png"
"YumYum Shrimp Flavour 60g","YumYum","8852018101055","0.49","60g (1 kg = 8,17 €)","Fertiggerichte & Konserven","True","https://img.rewe-static.de/3457903/32253287_digital-image.png"
"Maggi Fix Lasagne 30g","Maggi","7613287054401","1.09","30g (1 kg = 36,33 €)","Fertiggerichte & Konserven","False","https://img.rewe-static.de/8565885/32805586_digital-image.png"
"REWE Beste Wahl Fleisch-Tortelloni 1kg","REWE Beste Wahl","4337256671378","4.99","1000g","Fertiggerichte & Konserven","False","https://img.rewe-static.de/0117996/21909375_digital-image.png"
"Kühne Gewürzgurken 360g","Kühne","40804651","2.49","360g (1 kg = 6,92 €)","Fertiggerichte & Konserven","False","https://img.rewe-static.de/0283533/1669640_digital-image.png"
"Henglein Kartoffelnudeln 500g","Henglein","4001163000599","2.89","500g (1 kg = 5,78 €)","Fertiggerichte & Konserven","False","https://img.rewe-static.de/8215936/1025910_digital-image.png"
"REWE Beste Wahl weiße riesen Bohnen 250g","REWE Beste Wahl","4337256738514","1.49","250g (1 kg = 5,96 €)","Fertiggerichte & Konserven","False","https://img.rewe-static.de/8956160/38024320_digital-image.png"
"REWE Beste Wahl Rote Bete Kugeln 220g","REWE Beste Wahl","4337256671255","1.19","220g (1 kg = 5,41 €)","Fertiggerichte & Konserven","False","https://img.rewe-static.de/0725425/24245207_digital-image.png"
"REWE Bio Kapern 90g","REWE Bio","4337256542364","1.99","90g (1 kg = 22,11 €)","Fertiggerichte & Konserven","False","https://img.rewe-static.de/8863893/38335969_digital-image.png"
"Popp Weißkrautsalat 220g","Popp","4045800771787","1.89","220g (1 kg = 8,59 €)","Fertiggerichte & Konserven","False","https://img.rewe-static.de/1988551/22016155_digital-image.png"
"Henglein Blätterteig XXL 375g","Henglein","4001163135734","1.99","375g (1 kg = 5,31 €)","Fertiggerichte & Konserven","False","https://img.rewe-static.de/2284805/24911473_digital-image.png"
"Rana Ravioli getrocknete Tomaten & Pinienkerne 250g","Giovanni Rana","8001665727556","3.79","250g (1 kg = 15,16 €)","Fertiggerichte & Konserven","False","https://img.rewe-static.de/7533410/42946686_digital-image.png"
"Knorr Spaghetteria Formagiana 163g","Knorr","8720182405777","1.19","163g (1 kg = 7,30 €)","Fertiggerichte & Konserven","False","https://img.rewe-static.de/8775999/36436262_digital-image.png"
"REWE Beste Wahl Getrocknete Tomaten 280g","REWE Beste Wahl","4337256359412","1.99","280g (1 kg = 7,11 €)","Fertiggerichte & Konserven","False","https://img.rewe-static.de/0710524/21099991_digital-image.png"
"Maggi Tomatensuppe Minions für 500ml","Maggi","8445291336155","0.99","500ml (1 l = 1,98 €)","Fertiggerichte & Konserven","False","https://img.rewe-static.de/9097681/43644606_digital-image.png"
"REWE Beste Wahl Feta Creme scharf 130g","REWE Beste Wahl","4337256723527","2.29","130g (1 kg = 17,62 €)","Fertiggerichte & Konserven","False","https://img.rewe-static.de/9006501/41923210_digital-image.png"
"Maggi Guten Appetit Gespenster Suppe 73g","Maggi","7613039470343","0.99","750ml (1 l = 1,32 €)","Fertiggerichte & Konserven","False","https://img.rewe-static.de/7995661/31375897_digital-image.png"
"Thai Chef Nudelsuppe Ente 63g","Thai Chef","8852523206092","0.59","63g (1 kg = 9,37 €)","Fertiggerichte & Konserven","False","https://img.rewe-static.de/0569496/4776920_digital-image.png"
"REWE Bio schwarze Olivencreme 190g","REWE Bio","4337256684071","1.99","190g (1 kg = 10,47 €)","Fertiggerichte & Konserven","False","https://img.rewe-static.de/8974655/41866169_digital-image.png"
"REWE Beste Wahl Farmersalat 200g","REWE Beste Wahl","4337256191760","1.19","200g (1 kg = 5,95 €)","Fertiggerichte & Konserven","False","https://img.rewe-static.de/1947263/22889460_digital-image.png"
"Ready to eat Mungobohnenkeimlinge 200g","Ready to eat","4337256861373","1.29","200g (1 kg = 6,45 €)","Fertiggerichte & Konserven","False","https://img.rewe-static.de/8405653/38387404_digital-image.png"
"Maggi Hühnersuppe Minions für 500ml","Maggi","8445291336131","0.99","500ml (1 l = 1,98 €)","Fertiggerichte & Konserven","False","https://img.rewe-static.de/9102708/43644600_digital-image.png"
"Thai Chef Nudelsuppe Curry-Huhn 64g","Thai Chef","8852523206184","0.59","64g (1 kg = 9,22 €)","Fertiggerichte & Konserven","False","https://img.rewe-static.de/0470285/1806550_digital-image.png"
"Maggi Guten Appetit Spargel Cremesuppe 60g ergibt 750ml","Maggi","7613036053624","0.99","750ml (1 l = 1,32 €)","Fertiggerichte & Konserven","False","https://img.rewe-static.de/7140346/27231836_digital-image.png"
"REWE Beste Wahl Waldheidelbeeren 125g","REWE Beste Wahl","4337256353403","1.49","125g (1 kg = 11,92 €)","Fertiggerichte & Konserven","False","https://img.rewe-static.de/0185596/22992713_digital-image.png"
"Maggi 5 Minuten Terrine Broccoli Nudeltopf 50g","Maggi","7613035758940","1.49","50g (1 kg = 29,80 €)","Fertiggerichte & Konserven","False","https://img.rewe-static.de/2950927/25640857_digital-image.png"
"REWE Beste Wahl Apfelmus 355g","REWE Beste Wahl","4337256839303","0.99","355g (1 kg = 2,79 €)","Fertiggerichte & Konserven","False","https://img.rewe-static.de/0130632/20795206_digital-image.png"
"Bonduelle Goldmais Mexiko Mix 130g","Bonduelle","3083681155303","1.39","130g (1 kg = 10,69 €)","Fertiggerichte & Konserven","False","https://img.rewe-static.de/2596903/7470730_digital-image.png"
"Kühne Senfgurken würzig 215g","Kühne","40804521","1.99","215g (1 kg = 9,26 €)","Fertiggerichte & Konserven","False","https://img.rewe-static.de/5571405/1311320_digital-image.png"
"Thai Chef Nudelsuppe Shrimp Tom Yum 69g","Thai Chef","8852523206153","0.59","68g (1 kg = 8,68 €)","Fertiggerichte & Konserven","False","https://img.rewe-static.de/0835633/3485950_digital-image.png"
"Kattus Getrocknete Tomaten in Streifen 145g","Kattus","4058700710237","3.89","145g (1 kg = 13,19 €)","Fertiggerichte & Konserven","False","https://img.rewe-static.de/7815569/35429234_digital-image.png"
"Maggi Fix für Ofen - Tortelloni alla Panna 36g","Maggi","7613031698417","1.09","36g (1 kg = 30,28 €)","Fertiggerichte & Konserven","False","https://img.rewe-static.de/0338308/4779050_digital-image.png"
"Maggi Fix Spaghetti Carbonara 35g","Maggi","7613287054357","1.09","35g (1 kg = 31,14 €)","Fertiggerichte & Konserven","False","https://img.rewe-static.de/8569373/32805602_digital-image.png"
"Grossmann Farmersalat","Grossmann","4011351022616","0.89","1 Stück ca. 100 g (1 kg = 8,90 €)","Fertiggerichte & Konserven","False","https://img.rewe-static.de/7911706/32798878_digital-image.png"
"REWE to go Hähnchen Salat 310g","REWE to go","4337256763196","2.99","310g (1 kg = 9,65 €)","Fertiggerichte & Konserven","False","https://img.rewe-static.de/8701349/35525215_digital-image.png"
"Thai Chef Nudelsuppe Rind 62g","Thai Chef","8852523206443","0.59","62g (1 kg = 9,52 €)","Fertiggerichte & Konserven","False","https://img.rewe-static.de/8408400/32253262_digital-image.png"
"Maggi Fix für Bauern-Topf mit Hackfleisch 39g","Maggi","7613035084582","1.09","39g (1 kg = 27,95 €)","Fertiggerichte & Konserven","False","https://img.rewe-static.de/2413681/23886626_digital-image.png"
"Kühne Grünkohl nach Oldenburger Art 450g","Kühne","40804033","2.79","450g (1 kg = 6,20 €)","Fertiggerichte & Konserven","False","https://img.rewe-static.de/7705581/4790060_digital-image.png"
"REWE Beste Wahl Königsberger Klopse 800g","REWE Beste Wahl","4337256551007","3.29","800g (1 kg = 4,11 €)","Fertiggerichte & Konserven","False","https://img.rewe-static.de/2348066/23797016_digital-image.png"
"Maggi Bio Gemüse Bouillon 5,5l","Maggi","40056531","1.99","5,50l (1 l = 0,36 €)","Fertiggerichte & Konserven","False","https://img.rewe-static.de/7154963/27045586_digital-image.png"
"Thai Chef Instantsuppe Huhngeschmack 62g","Thai Chef","8852523206030","0.59","62g (1 kg = 9,52 €)","Fertiggerichte & Konserven","False","https://img.rewe-static.de/0569518/4782270_digital-image.png"
"REWE Beste Wahl Feinschmecker-Sauerkraut 400g","REWE Beste Wahl","4337256854085","1.19","400g (1 kg = 2,98 €)","Fertiggerichte & Konserven","False","https://img.rewe-static.de/1410347/22832538_digital-image.png"
"Steinhaus Tomate-Mozzarella Tortellini 200g","Steinhaus","4009337902083","2.49","200g (1 kg = 12,45 €)","Fertiggerichte & Konserven","False","https://img.rewe-static.de/3136720/26171240_digital-image.png"
"REWE Bio + vegan Gemüseravioli 400g","REWE Bio","4337256393034","2.29","400g (1 kg = 5,73 €)","Fertiggerichte & Konserven","False","https://img.rewe-static.de/8699735/35999938_digital-image.png"
"Asia Fix Bihun Suppe indonesische Art 800g","NA","4003082007857","2.99","800g (1 kg = 3,74 €)","Fertiggerichte & Konserven","False","https://img.rewe-static.de/8271106/28873262_digital-image.png"
"Maggi Fix Currywurst 38g","Maggi","7613287238382","1.09","38g (1 kg = 28,68 €)","Fertiggerichte & Konserven","False","https://img.rewe-static.de/8565581/33053507_digital-image.png"
"REWE Bio Erbsen & Möhren 220g","REWE Bio","4337256481793","1.29","220g (1 kg = 5,86 €)","Fertiggerichte & Konserven","False","https://img.rewe-static.de/7887089/34912245_digital-image.png"
"Piatti Onorati Bio Demeter Passierte Tomaten 700g","NA","4024514072021","2.49","700g","Fertiggerichte & Konserven","False","https://img.rewe-static.de/9958725/45417412_digital-image.png"
"Knorr Fix Pfeffer-Rahm-Medaillons 35g","Knorr","8718114823485","0.99","35g (1 kg = 28,29 €)","Fertiggerichte & Konserven","False","https://img.rewe-static.de/1014499/21977965_digital-image.png"
"Kühne Sauerkraut Fix und Fertig klassisch 400g","Kühne","4012200504000","1.99","400g (1 kg = 4,98 €)","Fertiggerichte & Konserven","False","https://img.rewe-static.de/2900348/25866900_digital-image.png"
"Maggi 5 Minuten Terrine Kartoffelbrei mit Steinpilzen 43g","Maggi","7613037640168","1.49","43g (1 kg = 34,65 €)","Fertiggerichte & Konserven","False","https://img.rewe-static.de/8022743/30761622_digital-image.png"
"REWE Beste Wahl Schweinegulasch 400g","REWE Beste Wahl","4337256646727","3.99","400g (1 kg = 9,98 €)","Fertiggerichte & Konserven","False","https://img.rewe-static.de/2455263/24373581_digital-image.png"
"Hak Prinzessbohnen extra fein 180g","HAK","8720600601781","2.39","180g (1 kg = 13,28 €)","Fertiggerichte & Konserven","False","https://img.rewe-static.de/0254429/21018534_digital-image.png"
"Feinkost Dittmann Spanischer Knoblauch gehackt, in Rapsöl vegan 130g","Feinkost Dittmann","4002239676700","3.29","130g (1 kg = 25,31 €)","Fertiggerichte & Konserven","False","https://img.rewe-static.de/8192357/29519445_digital-image.png"
"Grossmann Nocarella Del Belice Oliven 108g","NA","4006495637956","3.29","108g (1 kg = 30,46 €)","Fertiggerichte & Konserven","False","https://img.rewe-static.de/2336225/25174670_digital-image.png"
"Mehlig & Heller Zwiebelmettwurst 250g","Mehlig & Heller","4010534012109","2.99","250g","Fertiggerichte & Konserven","False","https://img.rewe-static.de/8485990/39597806_digital-image.png"
"Knack & Back Sonntagsbrötchen 400g","Knack&Back","3392590205376","2.49","400g (1 kg = 6,23 €)","Fertiggerichte & Konserven","False","https://img.rewe-static.de/6473369/1662110_digital-image.png"
"Appel Zarte Filets vom Hering Tomate-Mozzarella 200g","Appel","4020500922158","1.99","200g (1 kg = 9,95 €)","Fertiggerichte & Konserven","False","https://img.rewe-static.de/8649530/33142660_digital-image.png"
"REWE Bio Cornichons 190g","REWE Bio","4337256661942","1.99","190g (1 kg = 10,47 €)","Fertiggerichte & Konserven","False","https://img.rewe-static.de/1202493/14002500_digital-image.png"
"Buss Freizeitmacher Grünkohleintopf 300g","Buss","4003082008144","1.99","300g (1 kg = 6,63 €)","Fertiggerichte & Konserven","False","https://img.rewe-static.de/8398631/22628414_digital-image.png"
"Mutti Polpa Feinstes Tomatenfruchtfleisch 400g","MUTTI","80042556","1.79","400g (1 kg = 4,48 €)","Fertiggerichte & Konserven","False","https://img.rewe-static.de/0576643/21494397_digital-image.png"
"Maggi Hühner Brühe für 4l","Maggi","42402688","1.99","4l (1 l = 0,50 €)","Fertiggerichte & Konserven","False","https://img.rewe-static.de/8478499/31913658_digital-image.png"
"Knorr Fix Bauern-Topf mit Hackfleisch 4 Portionen","Knorr","8718114824185","0.99","43g (1 kg = 23,02 €)","Fertiggerichte & Konserven","False","https://img.rewe-static.de/1014883/9689240_digital-image.png"
"Knorr Fix Chili Con Carne 33g","Knorr","8717163861769","0.99","33g (1 kg = 30 €)","Fertiggerichte & Konserven","False","https://img.rewe-static.de/8046623/30278202_digital-image.png"
"Agrico Polnischer Brotaufstrich Pasztet 130g","Agrico","5904075001144","0.99","130g (1 kg = 7,62 €)","Fertiggerichte & Konserven","False","https://img.rewe-static.de/1370911/23733567_digital-image.png"
"Little Lunch Bio Kürbissuppe 350ml","Little Lunch","4260614720411","3.49","350ml (1 l = 9,97 €)","Fertiggerichte & Konserven","False","https://img.rewe-static.de/8036755/39102981_digital-image.png"
"Mutti geschälte Tomaten 260g","MUTTI","8005110060007","1.79","260g (1 kg = 6,88 €)","Fertiggerichte & Konserven","False","https://img.rewe-static.de/0350219/23309536_digital-image.png"
"Popp Krautsalat amerikanische Art 250g","Popp","4045800770971","1.89","250g (1 kg = 7,56 €)","Fertiggerichte & Konserven","False","https://img.rewe-static.de/1916140/20951355_digital-image.png"
"REWE Beste Wahl Kartoffeln in Scheiben 445g","REWE Beste Wahl","4337256456524","1.59","445g (1 kg = 3,57 €)","Fertiggerichte & Konserven","False","https://img.rewe-static.de/1015797/22997350_digital-image.png"
"Knorr Fix Putengeschnetzeltes 54g","Knorr","8720182426826","0.99","54g (1 kg = 18,33 €)","Fertiggerichte & Konserven","False","https://img.rewe-static.de/8789521/36686323_digital-image.png"
"Mutti Passierte Tomaten 700g","MUTTI","80042563","2.59","700g (1 kg = 3,70 €)","Fertiggerichte & Konserven","False","https://img.rewe-static.de/0346740/21169466_digital-image.png"
"Spreewaldhof Spreelinge Gewürzgurken 360g","Spreewaldhof","4012712001547","2.49","360g (1 kg = 6,92 €)","Fertiggerichte & Konserven","False","https://img.rewe-static.de/8299242/2977090_digital-image.png"
"REWE Beste Wahl Kapern Surfines 60g","REWE Beste Wahl","4337256131551","0.99","60g (1 kg = 16,50 €)","Fertiggerichte & Konserven","False","https://img.rewe-static.de/0710582/23249626_digital-image.png"
"REWE Best Wahl Ananas Ananasstücke 432g","REWE Beste Wahl","4337256618304","1.79","272g","Fertiggerichte & Konserven","False","https://img.rewe-static.de/8921878/39326522_digital-image.png"
"Erasco Rindfleisch-Nudeltopf 800g","Erasco","4037300104523","3.29","800g (1 kg = 4,11 €)","Fertiggerichte & Konserven","False","https://img.rewe-static.de/6737935/5666130_digital-image.png"
"Meggle Klassik Baguette Kräuter-Butter 160g","Meggle","4034900032409","1.69","160g (1 kg = 10,56 €)","Fertiggerichte & Konserven","False","https://img.rewe-static.de/0330377/2767470_digital-image.png"
"Maggi Klare Brühe für 7l","Maggi","42402657","1.99","7l (1 l = 0,28 €)","Fertiggerichte & Konserven","False","https://img.rewe-static.de/7973891/31782764_digital-image.png"
"Oyakata Japanese Classic 93g","OYAKATA","5901384503635","1.69","93g (1 kg = 18,17 €)","Fertiggerichte & Konserven","False","https://img.rewe-static.de/8191357/28525102_digital-image.png"
"Odenwald Apfelmus 720g","Odenwald","4008122021190","2.39","720g (1 kg = 3,32 €)","Fertiggerichte & Konserven","False","https://img.rewe-static.de/8964724/40416249_digital-image.png"
"REWE to go Salatschale Orzo vegan 310g","REWE to go","4337256765671","2.99","310g (1 kg = 9,65 €)","Fertiggerichte & Konserven","False","https://img.rewe-static.de/7857797/34492785_digital-image.png"
"REWE Beste Wahl Kidney-Bohnen 285g","REWE Beste Wahl","4337256542555","1.19","285g (1 kg = 4,18 €)","Fertiggerichte & Konserven","False","https://img.rewe-static.de/0920127/22615412_digital-image.png"
"Maggi 5 Minuten Terrine Spaghetti Bolognese XL 81g","Maggi","8445290135452","1.59","81g (1 kg = 19,63 €)","Fertiggerichte & Konserven","False","https://img.rewe-static.de/8772162/47428824_digital-image.png"
"Maggi 5 Minuten Terrine Nudeln in Rahmsauce XL 83g","Maggi","8445290135377","1.59","83g (1 kg = 19,16 €)","Fertiggerichte & Konserven","False","https://img.rewe-static.de/7785575/37602625_digital-image.png"
"REWE Beste Wahl Cappelletti Ziegenfrischkäse mit Honig 250g","REWE Beste Wahl","4337256675871","1.89","250g (1 kg = 7,56 €)","Fertiggerichte & Konserven","False","https://img.rewe-static.de/3286652/27279074_digital-image.png"
"Maggi Für Genießer Zwiebel Suppe 750ml","Maggi","7613036041980","1.19","750ml (1 l = 1,59 €)","Fertiggerichte & Konserven","False","https://img.rewe-static.de/7139563/27203032_digital-image.png"
"REWE Beste Wahl Kidney Bohnen 145g","REWE Beste Wahl","4337256729659","0.69","145g (1 kg = 4,76 €)","Fertiggerichte & Konserven","False","https://img.rewe-static.de/7254096/28860081_digital-image.png"
"Drews Weißkrautsalat","Drews","4006495108814","0.69","1 Stück ca. 100 g (1 kg = 6,90 €)","Fertiggerichte & Konserven","False","https://img.rewe-static.de/6387187/20448117_digital-image.png"
"Kucharek Instantsuppe Rot Borsch 120g","Kucharek","5901135035149","1.39","120g (1 kg = 11,58 €)","Fertiggerichte & Konserven","False","https://img.rewe-static.de/7700322/43931481_digital-image.png"
"Tante Fanny Frischer Flammkuchenteig XXL 350g","Tante Fanny","9120003416217","2.29","350g (1 kg = 6,54 €)","Fertiggerichte & Konserven","False","https://img.rewe-static.de/8573475/33053343_digital-image.png"
"REWE Mandarinen Orangen im eigenen Saft 175g","REWE Beste Wahl","4337256631990","1.49","175g (1 kg = 8,51 €)","Fertiggerichte & Konserven","False","https://img.rewe-static.de/7933167/32493717_digital-image.png"
"REWE Beste Wahl Tortelloni Spinat-Ricotta 1kg","REWE Beste Wahl","4337256657570","4.99","1000g","Fertiggerichte & Konserven","False","https://img.rewe-static.de/2265232/23487708_digital-image.png"
"Knorr Hüttenschmaus Käse-Spätzle 149g","Knorr","4038700126986","1.49","149g (1 kg = 10 €)","Fertiggerichte & Konserven","False","https://img.rewe-static.de/1236601/22397273_digital-image.png"
"Oyakata Chicken Teriyaki 96g","OYAKATA","5901384503642","1.69","96g (1 kg = 17,60 €)","Fertiggerichte & Konserven","False","https://img.rewe-static.de/8194507/28525099_digital-image.png"
"Nongshim Shin Cup Noodle Soup spicy 68g","Nongshim","8801043031011","1.89","68g (1 kg = 27,79 €)","Fertiggerichte & Konserven","False","https://img.rewe-static.de/2959278/27939297_digital-image.png"
"Fitini Pflaumen halbe Frucht 180g","Fitini","4012712010129","2.39","180g (1 kg = 13,28 €)","Fertiggerichte & Konserven","False","https://img.rewe-static.de/7713266/1826080_digital-image.png"
"Cup Noodles Big Soba Teriyaki 113g","NA","5997523315856","2.19","113g (1 kg = 19,38 €)","Fertiggerichte & Konserven","False","https://img.rewe-static.de/8918891/43028687_digital-image.png"
"Oro di Parma Bio Tomaten passiert 720ml","Oro di Parma","4008100169340","2.89","700g (1 kg = 4,13 €)","Fertiggerichte & Konserven","False","https://img.rewe-static.de/8506047/39200502_digital-image.png"
"Cup Noodles Big Soba Chili Wok Style 115g","NA","5997523315832","2.19","115g (1 kg = 19,04 €)","Fertiggerichte & Konserven","False","https://img.rewe-static.de/7691702/42485819_digital-image.png"
"Henglein Kloßteig Thüringer Art 750g","Henglein","4014795000110","2.49","750g (1 kg = 3,32 €)","Fertiggerichte & Konserven","False","https://img.rewe-static.de/0799793/7397380_digital-image.png"
"REWE Beste Wahl Grüne Bohnen 280g","REWE Beste Wahl","4337256435062","1.79","280g (1 kg = 6,39 €)","Fertiggerichte & Konserven","False","https://img.rewe-static.de/0371368/23162727_digital-image.png"
"Homann Bratrollmops mit Zwiebeln 250g","Homann","4030800536047","3.99","250g (1 kg = 7,98 €)","Fertiggerichte & Konserven","False","https://img.rewe-static.de/3819574/23587350_digital-image.png"
"Maggi 5 Minuten Terrine Kartoffelbrei mit Röstzwiebeln & Croutons 56g","Maggi","7613037639780","1.49","56g (1 kg = 26,61 €)","Fertiggerichte & Konserven","False","https://img.rewe-static.de/8396384/30642900_digital-image.png"
"Knorr Bio Gemüse Bouillon vegan für 5500ml","Knorr","8720182444905","1.89","5500ml (1 l = 0,34 €)","Fertiggerichte & Konserven","False","https://img.rewe-static.de/8840146/37356907_digital-image.png"
"Youcook Indian Style Butter Chicken 420g","Youcook","4260334165158","4.49","420g (1 kg = 10,69 €)","Fertiggerichte & Konserven","False","https://img.rewe-static.de/3286664/26858718_digital-image.png"
"Homann Feiner Pellkartoffel Salat 400g","Homann","8710506084016","2.49","400g (1 kg = 6,23 €)","Fertiggerichte & Konserven","False","https://img.rewe-static.de/8698632/34937248_digital-image.png"
"REWE Bio Sauerkirschen 350g","REWE Bio","4337256887779","1.99","195g (1 kg = 10,21 €)","Fertiggerichte & Konserven","False","https://img.rewe-static.de/9968219/44503499_digital-image.png"
"Oro di Parma Stückige Tomaten mit Basilikum 400g","Oro di Parma","4008100168244","1.99","400g (1 kg = 4,98 €)","Fertiggerichte & Konserven","False","https://img.rewe-static.de/0690805/1447950_digital-image.png"
"REWE Beste Wahl All Arrabiata Saucenbasis 380ml","REWE Beste Wahl","4337256785365","1.39","380ml","Fertiggerichte & Konserven","False","https://img.rewe-static.de/9055844/43788104_digital-image.png"
"Dreistern Rindfleisch im eigenen Saft 400g","Dreistern","4006276021561","4.59","400g (1 kg = 11,48 €)","Fertiggerichte & Konserven","False","https://img.rewe-static.de/0377663/23744212_digital-image.png"
"REWE Bio Ganze Tomaten geschält 240g","REWE Bio","4337256751421","0.99","240g (1 kg = 4,13 €)","Fertiggerichte & Konserven","False","https://img.rewe-static.de/7620459/42307413_digital-image.png"
"REWE Beste Wahl Chili sin Carne vegan 400g","REWE Beste Wahl","4337256278058","1.89","400g (1 kg = 4,73 €)","Fertiggerichte & Konserven","False","https://img.rewe-static.de/2261993/23310173_digital-image.png"
"REWE Beste Wahl Peperoni 130g","REWE Beste Wahl","4337256713696","1.59","130g (1 kg = 12,23 €)","Fertiggerichte & Konserven","False","https://img.rewe-static.de/0710573/21100233_digital-image.png"
"Maggi Gemüse Brühe für 18l","Maggi","7613287093752","3.89","18l (1 l = 0,22 €)","Fertiggerichte & Konserven","False","https://img.rewe-static.de/8479015/31983440_digital-image.png"
"Knorr Fix Rahm-Champignons 2 Portionen","Knorr","8718114824468","0.99","33g (1 kg = 30 €)","Fertiggerichte & Konserven","False","https://img.rewe-static.de/1014891/43213540_digital-image.png"
"Knorr Fix Spaghetti alla Carbonara für 3 Portionen","Knorr","8710604724739","0.99","36g (1 kg = 27,50 €)","Fertiggerichte & Konserven","False","https://img.rewe-static.de/8359714/30279527_digital-image.png"
"Oro di Parma Geschälte stückige Tomaten mit Kräutern 400g","Oro di Parma","4008100168473","1.99","400g (1 kg = 4,98 €)","Fertiggerichte & Konserven","False","https://img.rewe-static.de/3430138/33182965_digital-image.png"
"Erasco Hühner-Reistopf 800g","Erasco","4037300104356","3.29","800g (1 kg = 4,11 €)","Fertiggerichte & Konserven","False","https://img.rewe-static.de/5540267/1311280_digital-image.png"
"Homann Feiner Nudelsalat 400g","Homann","8710506084221","2.59","400g (1 kg = 6,48 €)","Fertiggerichte & Konserven","False","https://img.rewe-static.de/7834266/34936810_digital-image.png"
"Meica Rindswürstchen extra zart 180g, 6 Stück","Meica","4000503148205","3.49","180g (1 kg = 19,39 €)","Fertiggerichte & Konserven","False","https://img.rewe-static.de/6379036/7387030_digital-image.png"
"REWE Beste Wahl Schwarze Bohnen in Chilisauce 400g","REWE Beste Wahl","4337256726528","1.39","400g (1 kg = 3,48 €)","Fertiggerichte & Konserven","False","https://img.rewe-static.de/0920085/30447942_digital-image.png"
"Youcook Japanese Style Chicken Teriyaki 420g","Youcook","4260334165134","4.49","420g (1 kg = 10,69 €)","Fertiggerichte & Konserven","False","https://img.rewe-static.de/7046647/26858721_digital-image.png"
"Bonduelle Junge Erbsen 140g","Bonduelle","3083681157703","1.39","140g (1 kg = 9,93 €)","Fertiggerichte & Konserven","False","https://img.rewe-static.de/7664410/38308879_digital-image.png"
"Knorr Fix Lasagne für 2 Portionen","Knorr","8717163935163","0.99","52g (1 kg = 19,04 €)","Fertiggerichte & Konserven","False","https://img.rewe-static.de/8356711/30278541_digital-image.png"
"REWE Bio Karottensalat 190g","REWE Bio","4337256271516","0.99","190g (1 kg = 5,21 €)","Fertiggerichte & Konserven","False","https://img.rewe-static.de/8602114/34995224_digital-image.png"
"REWE Beste Wahl Antipasti Artischockenherzen 280g","REWE Beste Wahl","4337256354158","2.29","280g (1 kg = 8,18 €)","Fertiggerichte & Konserven","False","https://img.rewe-static.de/0710527/21400821_digital-image.png"
"Knorr Hühner Kraftbouillon 4,4l","Knorr","8720182932051","1.89","4400ml (1 l = 0,43 €)","Fertiggerichte & Konserven","False","https://img.rewe-static.de/9923066/46936830_digital-image.png"
"Erasco Fleischgerichte Königsberger Klopse 800g","Erasco","4037300104455","3.99","800g (1 kg = 4,99 €)","Fertiggerichte & Konserven","False","https://img.rewe-static.de/5514991/7476260_digital-image.png"
"Maggi Fix Gulasch 48g","Maggi","7613287054166","1.09","48g (1 kg = 22,71 €)","Fertiggerichte & Konserven","False","https://img.rewe-static.de/8566469/32805588_digital-image.png"
"Dreistern Ragout fin 400g","Dreistern","4006276000566","2.99","400g (1 kg = 7,48 €)","Fertiggerichte & Konserven","False","https://img.rewe-static.de/2173050/9232680_digital-image.png"
"Knorr Fix Currywurst 36g","Knorr","8718114824222","0.99","36g (1 kg = 27,50 €)","Fertiggerichte & Konserven","False","https://img.rewe-static.de/1014508/9690260_digital-image.png"
"Knorr Fix Tomaten Bolognese 46g","Knorr","8717163865590","0.99","46g (1 kg = 21,52 €)","Fertiggerichte & Konserven","False","https://img.rewe-static.de/8357003/30278251_digital-image.png"
"Tulip Corned Beef 340g","Tulip","5707196241761","4.69","340g (1 kg = 13,79 €)","Fertiggerichte & Konserven","False","https://img.rewe-static.de/8035239/30806237_digital-image.png"
"Knorr Fix Hackbällchen Toskana für 3 Portionen","Knorr","8717163861837","0.99","39g (1 kg = 25,38 €)","Fertiggerichte & Konserven","False","https://img.rewe-static.de/8048953/30278389_digital-image.png"
"Knorr Fix Wikingertopf mit Hackbällchen 3 Portionen","Knorr","8718114841298","0.99","30g (1 kg = 33 €)","Fertiggerichte & Konserven","False","https://img.rewe-static.de/1014888/22364954_digital-image.png"
"Erasco Serbische Bohnensuppe mit Rauchspeck 750ml","Erasco","4037300108460","3.29","750ml (1 l = 4,39 €)","Fertiggerichte & Konserven","False","https://img.rewe-static.de/5540356/5665970_digital-image.png"
"Bonduelle Junge Erbsen 280g","Bonduelle","3083681157604","1.79","280g (1 kg = 6,39 €)","Fertiggerichte & Konserven","False","https://img.rewe-static.de/7709611/38309057_digital-image.png"
"Walter Popps Veganer Farmersalat 150g","Popp","4045800230482","1.99","150g (1 kg = 13,27 €)","Fertiggerichte & Konserven","False","https://img.rewe-static.de/8688501/34969996_digital-image.png"
"Böklunder Geflügel-Würstchen in Eigenhaut 250g","Böklunder","4000404937052","3.29","250g (1 kg = 13,16 €)","Fertiggerichte & Konserven","False","https://img.rewe-static.de/5346606/2854120_digital-image.png"
"Knorr Bouillon mit Rind 124g","Knorr","8720182932075","1.89","124g (1 kg = 15,24 €)","Fertiggerichte & Konserven","False","https://img.rewe-static.de/9923819/46936868_digital-image.png"
"Kühne Rotkohl 335g","Kühne","40122991","1.59","335g (1 kg = 4,75 €)","Fertiggerichte & Konserven","False","https://img.rewe-static.de/4424182/2167830_digital-image.png"
"Knorr Feinschmecker Spargel Cremesuppe 500ml","Knorr","8711200339891","1.59","500ml (1 l = 3,18 €)","Fertiggerichte & Konserven","False","https://img.rewe-static.de/8184772/28407667_digital-image.png"
"Popp Jubiläums-Kartoffelsalat Gurke, Zwiebel & Ei 400g","Popp","4045800700442","2.49","400g (1 kg = 6,23 €)","Fertiggerichte & Konserven","False","https://img.rewe-static.de/8025564/30823356_digital-image.png"
"Knorr Fix Schlemmer-Geschnetzeltes 3 Portionen","Knorr","8718114823416","0.99","43g (1 kg = 23,02 €)","Fertiggerichte & Konserven","False","https://img.rewe-static.de/1012353/34272055_digital-image.png"
"Knorr Feinschmecker Tomaten Suppe Toscana 500ml","Knorr","8711200339907","1.59","500ml (1 l = 3,18 €)","Fertiggerichte & Konserven","False","https://img.rewe-static.de/8185130/28457244_digital-image.png"
"Feinkost Dittmann Oliven schwarz 60g","Feinkost Dittmann","4002239418300","1.99","60g (1 kg = 33,17 €)","Fertiggerichte & Konserven","False","https://img.rewe-static.de/6722377/20128190_digital-image.png"
"Knorr Fix Knuspriges Brathähnchen 29g","Knorr","8718114824758","0.99","29g (1 kg = 34,14 €)","Fertiggerichte & Konserven","False","https://img.rewe-static.de/1014905/23272851_digital-image.png"
"Knorr Fix Hackfleisch Schafskäse Auflauf 43g","Knorr","8718114824857","0.99","43g (1 kg = 23,02 €)","Fertiggerichte & Konserven","False","https://img.rewe-static.de/1014907/9692700_digital-image.png"
"Knorr Fix Kräuter-Sahne Hähnchen 3 Portionen","Knorr","8718114827612","0.99","28g (1 kg = 35,36 €)","Fertiggerichte & Konserven","False","https://img.rewe-static.de/1014914/9692400_digital-image.png"
"Knorr Fix Chili-Auflauf 33g","Knorr","8720182429438","0.99","33g (1 kg = 30 €)","Fertiggerichte & Konserven","False","https://img.rewe-static.de/7777255/37870581_digital-image.png"
"Erasco Möhren Eintopf mit Fleischbällchen 800g","Erasco","4037300108996","3.29","800g (1 kg = 4,11 €)","Fertiggerichte & Konserven","False","https://img.rewe-static.de/2544535/30061187_digital-image.png"
"Indonesia Bihun-Suppe 780ml","Indonesia","4008002000123","3.49","780ml (1 l = 4,47 €)","Fertiggerichte & Konserven","False","https://img.rewe-static.de/4975502/3137030_digital-image.png"
"Knorr Fix Gebratene Nudeln 30g","Knorr","8718114841175","0.99","30g (1 kg = 33 €)","Fertiggerichte & Konserven","False","https://img.rewe-static.de/1014895/31503630_digital-image.png"
"Knorr Fix Knusper Kartoffelecken 38g","Knorr","8720182885937","0.99","38g (1 kg = 26,05 €)","Fertiggerichte & Konserven","False","https://img.rewe-static.de/9105865/44354930_digital-image.png"
"Bonduelle Dampfgegart Erbsen & Möhrchen 530g","Bonduelle","3083681130904","2.59","530g (1 kg = 4,89 €)","Fertiggerichte & Konserven","False","https://img.rewe-static.de/8896421/39284325_digital-image.png"
"Knorr Fix Schwedische Hackbällchen Köttbullar 49g","Knorr","8718114825069","0.99","49g (1 kg = 20,20 €)","Fertiggerichte & Konserven","False","https://img.rewe-static.de/1014911/9687500_digital-image.png"
"Bonduelle Goldmais Bunter Mix 265g","Bonduelle","3083680685535","1.79","265g (1 kg = 6,75 €)","Fertiggerichte & Konserven","False","https://img.rewe-static.de/5389763/5165670_digital-image.png"
"Argeta Hühneraufstrich Halal 95g","Argeta","3838975566576","1.49","95g (1 kg = 15,68 €)","Fertiggerichte & Konserven","False","https://img.rewe-static.de/0728784/23689216_digital-image.png"
"Grossmann Hausfrauen-Remoulade 200g","Grossmann","4006495162908","1.89","200g (1 kg = 9,45 €)","Fertiggerichte & Konserven","False","https://img.rewe-static.de/0181349/31403142_digital-image.png"
"Bonduelle Grüne Brechbohnen fein 110g","Bonduelle","3083680002394","1.39","110g (1 kg = 12,64 €)","Fertiggerichte & Konserven","False","https://img.rewe-static.de/0294578/7478010_digital-image.png"
"Mayo Feinkost Farmersalat leicht 150g","Mayo Feinkost","4009457620492","1.79","150g (1 kg = 11,93 €)","Fertiggerichte & Konserven","False","https://img.rewe-static.de/0401556/26992299_digital-image.png"
"Nissin Nudelsuppe Huhn 100g","Nissin","8712429350100","0.69","100g (1 kg = 6,90 €)","Fertiggerichte & Konserven","False","https://img.rewe-static.de/0664880/2442010_digital-image.png"
"Saupiquet Thunfisch-Filet ohne Öl 2x56g","Saupiquet","3165950308150","3.29","112g (1 kg = 29,38 €)","Fertiggerichte & Konserven","False","https://img.rewe-static.de/0042679/3296480_digital-image.png"
"REWE Beste Wahl Kokosmilch cremig 400ml","REWE Beste Wahl","4337256659826","1.29","400ml (1 l = 3,23 €)","Fertiggerichte & Konserven","False","https://img.rewe-static.de/0792132/24260010_digital-image.png"
"Maggi Magic Asia Instant Nudel Snack Huhn 62g","Maggi","7613036480468","0.69","62g (1 kg = 11,13 €)","Fertiggerichte & Konserven","False","https://img.rewe-static.de/8134990/28462450_digital-image.png"
"Mayo Farmersalat 200g","Mayo Feinkost","4009457380426","1.79","200g (1 kg = 8,95 €)","Fertiggerichte & Konserven","False","https://img.rewe-static.de/8411182/2060480_digital-image.png"
"Appel Zarte Filets vom Hering in Pfeffer-Creme 200g","Appel","4020500922097","1.99","200g (1 kg = 9,95 €)","Fertiggerichte & Konserven","False","https://img.rewe-static.de/8603299/33142436_digital-image.png"
"Knorr Pasta Snack Pot Brokkoli & Käse 62g","Knorr","8711327414921","1.49","62g (1 kg = 24,03 €)","Fertiggerichte & Konserven","False","https://img.rewe-static.de/7932891/34252403_digital-image.png"
"Maggi Fix für Bologneser Gratin 35g","Maggi","7613030718697","1.09","35g (1 kg = 31,14 €)","Fertiggerichte & Konserven","False","https://img.rewe-static.de/9229752/1904770_digital-image.png"
"Maggi Idee für Kartoffel Gratin 43g","Maggi","7613036028547","1.09","43g (1 kg = 25,35 €)","Fertiggerichte & Konserven","False","https://img.rewe-static.de/2296614/23272936_digital-image.png"
"Maggi Fix für Spaghetti Napoli 42g","Maggi","7613036039093","1.09","42g (1 kg = 25,95 €)","Fertiggerichte & Konserven","False","https://img.rewe-static.de/2732837/24885156_digital-image.png"
"Maggi Hähnchen süß-sauer 60g","Maggi","8445290931566","1.09","60g (1 kg = 18,17 €)","Fertiggerichte & Konserven","False","https://img.rewe-static.de/8995221/40856823_digital-image.png"
"Maggi Fix Paprika-Rahm Schnitzel 35g","Maggi","8445290056405","1.09","35g (1 kg = 31,14 €)","Fertiggerichte & Konserven","False","https://img.rewe-static.de/8738317/35899832_digital-image.png"
"REWE Feine Wild Preiselbeeren mit Bourbon Vanille 220g","REWE Feine Welt","4337256673693","1.99","220g (1 kg = 9,05 €)","Fertiggerichte & Konserven","False","https://img.rewe-static.de/9056800/40082670_digital-image.png"
"YumYum Vegetable Flavour 60g","YumYum","8852018101062","0.49","60g (1 kg = 8,17 €)","Fertiggerichte & Konserven","True","https://img.rewe-static.de/0016458/32253282_digital-image.png"
"Böklunder Hot Dogs American Style Würstchen in Eigenhaut 300g, 6 Stück","Böklunder","4000404035758","4.29","300g (1 kg = 14,30 €)","Fertiggerichte & Konserven","False","https://img.rewe-static.de/2801612/21022478_digital-image.png"
"Homann Kartoffelsalat Hamburger Art 400g","Homann","8710506084191","2.49","400g (1 kg = 6,23 €)","Fertiggerichte & Konserven","False","https://img.rewe-static.de/7833762/34936809_digital-image.png"
"REWE Beste Wahl Kirsch Paprika mit cremiger Füllung vegan 150g","REWE Beste Wahl","4337256672184","2.29","150g (1 kg = 15,27 €)","Fertiggerichte & Konserven","False","https://img.rewe-static.de/7829717/35778370_digital-image.png"
"Appel Zarte Filets vom Hering Tomaten-Creme 200g","Appel","4020500922011","1.99","200g (1 kg = 9,95 €)","Fertiggerichte & Konserven","False","https://img.rewe-static.de/8648160/33102496_digital-image.png"
"Knorr Fix Bolognese Typisch Italienisch 3 Portionen","Knorr","8717163861776","0.99","42g (1 kg = 23,57 €)","Fertiggerichte & Konserven","False","https://img.rewe-static.de/8035760/32062151_digital-image.png"
"Kühne Gewürzgurken 190g","Kühne","40804644","2.19","190g (1 kg = 11,53 €)","Fertiggerichte & Konserven","False","https://img.rewe-static.de/5702542/7477570_digital-image.png"
"REWE Beste Wahl Feta-Creme 130g","REWE Beste Wahl","4337256727211","2.29","130g (1 kg = 17,62 €)","Fertiggerichte & Konserven","False","https://img.rewe-static.de/9097200/41923205_digital-image.png"
"Erasco Heisse Tasse Tomaten Creme 87,2g","Erasco","4037300134742","1.39","87,20g (1 kg = 15,94 €)","Fertiggerichte & Konserven","False","https://img.rewe-static.de/9965379/45054708_digital-image.png"
"Knorr Fix Lachs-Sahne Gratin 2 Portionen","Knorr","8718114824307","0.99","28g (1 kg = 35,36 €)","Fertiggerichte & Konserven","False","https://img.rewe-static.de/1014514/9696820_digital-image.png"
"Homann Klassischer Kartoffelsalat 400g","Homann","8710506084047","2.49","400g (1 kg = 6,23 €)","Fertiggerichte & Konserven","False","https://img.rewe-static.de/8695356/34937195_digital-image.png"
"Rewe Feine Welt Vitello Tonnato 150g","REWE Feine Welt","4337256659253","4.79","150g (1 kg = 31,93 €)","Fertiggerichte & Konserven","False","https://img.rewe-static.de/7246032/28063214_digital-image.png"
"Meica Deutschländer Würstchen 330g, 6 Stück","Meica","4000503119205","4.99","330g (1 kg = 15,12 €)","Fertiggerichte & Konserven","False","https://img.rewe-static.de/7582587/3776950_digital-image.png"
"Bonduelle Goldmais Mexiko-Mix 265g","Bonduelle","3083681151183","1.79","265g (1 kg = 6,75 €)","Fertiggerichte & Konserven","False","https://img.rewe-static.de/0115720/23017215_digital-image.png"
"REWE Beste Wahl Thunfisch Filets 112g","REWE Beste Wahl","4337256648202","2.49","112g (1 kg = 22,23 €)","Fertiggerichte & Konserven","False","https://img.rewe-static.de/7841480/34747507_digital-image.png"
"Hengstenberg Mildessa mildes Weinsauerkraut 770g","Hengstenberg","40081908","2.69","770g (1 kg = 3,49 €)","Fertiggerichte & Konserven","False","https://img.rewe-static.de/0145629/1741210_digital-image.png"
"Knorr Fix Bolognese Unsere Beste für 3 Portionen","Knorr","8717163865620","0.99","38g (1 kg = 26,05 €)","Fertiggerichte & Konserven","False","https://img.rewe-static.de/8357105/30278217_digital-image.png"
"Heinz Beanz Gebackene Bohnen ohne Zuckerzusatz 415g","Heinz","8715700111094","2.49","415g (1 kg = 6 €)","Fertiggerichte & Konserven","False","https://img.rewe-static.de/7228663/28318942_digital-image.png"
"REWE to go Kürbissuppe 430ml","REWE to go","42227670","2.99","430ml (1 l = 6,95 €)","Fertiggerichte & Konserven","False","https://img.rewe-static.de/8306349/29657176_digital-image.png"
"REWE Beste Wahl Junge Große Bohnen 420g","REWE Beste Wahl","4337256664417","1.89","420g (1 kg = 4,50 €)","Fertiggerichte & Konserven","False","https://img.rewe-static.de/0116973/22791158_digital-image.png"
"Kühne Süße Cornichons mild-süß 110g","Kühne","40198552","2.19","110g (1 kg = 19,91 €)","Fertiggerichte & Konserven","False","https://img.rewe-static.de/7079871/27231600_digital-image.png"
"REWE Beste Wahl Tortelloni Rindfleisch 250g","REWE Beste Wahl","4337256672887","1.89","250g (1 kg = 7,56 €)","Fertiggerichte & Konserven","False","https://img.rewe-static.de/0117985/21910378_digital-image.png"
"Erasco Grüne-Bohnen-Kartoffeltopf 400g","Erasco","4037300103250","1.99","400g (1 kg = 4,98 €)","Fertiggerichte & Konserven","False","https://img.rewe-static.de/0928531/9693300_digital-image.png"
"REWE Feine Welt Datteln im Speckmantel 150g","REWE Feine Welt","4337256756112","3.19","150g (1 kg = 21,27 €)","Fertiggerichte & Konserven","False","https://img.rewe-static.de/2839599/25367070_digital-image.png"
"Meica Kleine Wiener extra knackig 150g","Meica","4000503103006","3.39","150g (1 kg = 22,60 €)","Fertiggerichte & Konserven","False","https://img.rewe-static.de/0610822/7372500_digital-image.png"
"REWE Beste Wahl Cappelletti Spinaci 250g","REWE Beste Wahl","4337256676335","1.89","250g (1 kg = 7,56 €)","Fertiggerichte & Konserven","False","https://img.rewe-static.de/1105796/22927280_digital-image.png"
"Pahmeyer Kartoffel-Auflauf Brokkoli 300g","Pahmeyer","4260177786602","2.89","300g (1 kg = 9,63 €)","Fertiggerichte & Konserven","False","https://img.rewe-static.de/8356117/30085348_digital-image.png"
"Knorr Pasta Snack Pot Käse & Sahne 63g","Knorr","8720182838889","1.49","63g (1 kg = 23,65 €)","Fertiggerichte & Konserven","False","https://img.rewe-static.de/9106409/44410542_digital-image.png"
"Pink Lady Apfelmus ohne Zucker 350g","NA","8720600664052","2.59","350g (1 kg = 7,40 €)","Fertiggerichte & Konserven","False","https://img.rewe-static.de/7603264/43383130_digital-image.png"
"REWE Feine Welt Wild Fond 400ml","REWE Feine Welt","4337256408370","1.99","400ml (1 l = 4,98 €)","Fertiggerichte & Konserven","False","https://img.rewe-static.de/1019459/25367480_digital-image.png"
"Kühne Schlesische Gurkenhappen 360g","Kühne","40804552","2.49","360g (1 kg = 6,92 €)","Fertiggerichte & Konserven","False","https://img.rewe-static.de/5019869/7476810_digital-image.png"
"Bonduelle Junge Erbsen 560g","Bonduelle","3083681157789","2.39","560g (1 kg = 4,27 €)","Fertiggerichte & Konserven","False","https://img.rewe-static.de/8891813/38308798_digital-image.png"
"Hak Grünkohl 480g","HAK","8720600032103","2.49","480g (1 kg = 5,19 €)","Fertiggerichte & Konserven","False","https://img.rewe-static.de/6484182/5766320_digital-image.png"
"Popp Seelachssalat 3x40g","Popp","4045800522358","1.89","3x40g (1 kg = 15,75 €)","Fertiggerichte & Konserven","False","https://img.rewe-static.de/2249737/23439456_digital-image.png"
"REWE to go Hähnchen Sweet Chili Wrap Mit Paprika, Mais und Rucola 180g","REWE to go","42228295","2.99","180g (1 kg = 16,61 €)","Fertiggerichte & Konserven","False","https://img.rewe-static.de/7059430/26876147_digital-image.png"
"Knorr Fix Chili con Carne Unser Bestes 3 Portionen","Knorr","8712100671135","0.99","49g (1 kg = 20,20 €)","Fertiggerichte & Konserven","False","https://img.rewe-static.de//2282675/32060626_digital-image.png"
"Feinkost Dittmann Getrocknete Tomaten 320g","Feinkost Dittmann","4002239696104","3.69","320g (1 kg = 11,53 €)","Fertiggerichte & Konserven","False","https://img.rewe-static.de/4926110/23734341_digital-image.png"
"Drews Farmersalat 150g","Drews","4006495180506","1.79","150g (1 kg = 11,93 €)","Fertiggerichte & Konserven","False","https://img.rewe-static.de/6323626/888050_digital-image.png"
"Kühne Honiggurken 215g","Kühne","40122748","1.99","215g (1 kg = 9,26 €)","Fertiggerichte & Konserven","False","https://img.rewe-static.de/0151157/1311340_digital-image.png"
"Lipperland Grünkohl wie hausgemacht 330g","Lipperland","4008418404126","1.39","330g (1 kg = 4,21 €)","Fertiggerichte & Konserven","False","https://img.rewe-static.de/2269537/23329967_digital-image.png"
"Knorr Feinschmecker Blumenkohl Broccoli Suppe 500 ml","Knorr","8711200339921","1.59","500ml (1 l = 3,18 €)","Fertiggerichte & Konserven","False","https://img.rewe-static.de/8151424/28213101_digital-image.png"
"Homann Nudelsalat Italienischer Art 400g","Homann","8710506084252","2.59","400g (1 kg = 6,48 €)","Fertiggerichte & Konserven","False","https://img.rewe-static.de/8692968/34936929_digital-image.png"
"REWE Beste Wahl Tortelloni Rindfleisch 500g","REWE Beste Wahl","4337256671729","3.49","500g (1 kg = 6,98 €)","Fertiggerichte & Konserven","False","https://img.rewe-static.de/0117992/21999892_digital-image.png"
"Lacroix Geflügel-Paste 40g","Lacroix","42066477","1.29","40g (1 kg = 32,25 €)","Fertiggerichte & Konserven","False","https://img.rewe-static.de/6484999/22444448_digital-image.png"
"Lutèce Champignons de Paris in Scheiben II. Wahl Medium 200g","Lutèce","8710609011315","2.19","200g (1 kg = 10,95 €)","Fertiggerichte & Konserven","False","https://img.rewe-static.de/5176476/22051836_digital-image.png"
"Odenwald Wild Preiselbeeren 390g","Odenwald","4008122021169","3.39","390g (1 kg = 8,69 €)","Fertiggerichte & Konserven","False","https://img.rewe-static.de/7664892/39892361_digital-image.png"
"Bonduelle Möhrchen zart und extra fein 265g","Bonduelle","3083680000345","1.79","265g (1 kg = 6,75 €)","Fertiggerichte & Konserven","False","https://img.rewe-static.de/0402001/8926880_digital-image.png"
"Bonduelle Leipziger Allerlei 130g","Bonduelle","3083680566353","1.39","130g (1 kg = 10,69 €)","Fertiggerichte & Konserven","False","https://img.rewe-static.de/0877751/7454820_digital-image.png"
"REWE Bio Wiener Würstchen 250g","REWE Bio","4337256213035","3.99","250g (1 kg = 15,96 €)","Fertiggerichte & Konserven","False","https://img.rewe-static.de/2937503/26024362_digital-image.png"
"REWE Beste Wahl Brotzeit-Gurken süß-sauer 290g","REWE Beste Wahl","4337256844413","1.39","290g (1 kg = 4,79 €)","Fertiggerichte & Konserven","False","https://img.rewe-static.de/0252460/22832541_digital-image.png"
"REWE Bio Gemüsemais 230g","REWE Bio","4337256850575","0.85","230g (1 kg = 3,70 €)","Fertiggerichte & Konserven","False","https://img.rewe-static.de/8607334/34434948_digital-image.png"
"REWE Bio Rote Bete-Scheiben 220g","REWE Bio","4337256861151","0.99","220g (1 kg = 4,50 €)","Fertiggerichte & Konserven","False","https://img.rewe-static.de/1011521/8081210_digital-image.png"
"REWE Bio Apfelmus 360g","REWE Bio","4337256786713","0.99","360g (1 kg = 2,75 €)","Fertiggerichte & Konserven","False","https://img.rewe-static.de/7604362/42307375_digital-image.png"
"REWE Beste Wahl Kartoffelsalat mit Essig & Öl 400g","REWE Beste Wahl","4337256194501","1.69","400g (1 kg = 4,23 €)","Fertiggerichte & Konserven","False","https://img.rewe-static.de/0277689/26286145_digital-image.png"
"REWE Beste Wahl Maiskölbchen 190g","REWE Beste Wahl","4337256625715","1.29","190g (1 kg = 6,79 €)","Fertiggerichte & Konserven","False","https://img.rewe-static.de/0117180/22649666_digital-image.png"
"REWE Beste Wahl Rinder-Gulasch mit Spätzle in pikanter Sauce 400g","REWE Beste Wahl","4337256640190","3.79","400g (1 kg = 9,48 €)","Fertiggerichte & Konserven","False","https://img.rewe-static.de/7166365/27573470_digital-image.png"
"REWE Beste Wahl Bambussprossen 175g","REWE Beste Wahl","4337256817578","1.39","180g (1 kg = 7,72 €)","Fertiggerichte & Konserven","False","https://img.rewe-static.de/0678949/21538661_digital-image.png"
"REWE Beste Wahl Tomaten Fruchtfleisch in Stücken 500g","REWE Beste Wahl","4337256732680","1.19","500g (1 kg = 2,38 €)","Fertiggerichte & Konserven","False","https://img.rewe-static.de/1061806/23107760_digital-image.png"
"REWE Beste Wahl Tortenpfirsiche Schnitten gezuckert 500g","REWE Beste Wahl","4337256711852","2.59","500g (1 kg = 5,18 €)","Fertiggerichte & Konserven","False","https://img.rewe-static.de/0137873/23107767_digital-image.png"
"REWE Beste Wahl Mildes Weinsauerkraut 770g","REWE Beste Wahl","4388844011052","1.19","770g (1 kg = 1,55 €)","Fertiggerichte & Konserven","False","https://img.rewe-static.de/0336931/23033381_digital-image.png"
"REWE Beste Wahl Apfelmus 715g","REWE Beste Wahl","4337256830416","1.89","710g (1 kg = 2,64 €)","Fertiggerichte & Konserven","False","https://img.rewe-static.de/0130688/20795221_digital-image.png"
"Nissin Demae Ramen Sesam 100g","Nissin","8712429350407","0.69","100g (1 kg = 6,90 €)","Fertiggerichte & Konserven","False","https://img.rewe-static.de/6200443/2442020_digital-image.png"
"REWE Bio Fruchtpüree Apfel Pfirsich Mango 400g","REWE Bio","4337256720779","1.99","400g (1 kg = 4,98 €)","Fertiggerichte & Konserven","False","https://img.rewe-static.de/9015066/42307397_digital-image.png"
"REWE Beste Wahl Peppers mit Frischkäsecreme 150g","REWE Beste Wahl","4337256714242","2.29","150g (1 kg = 15,27 €)","Fertiggerichte & Konserven","False","https://img.rewe-static.de/7639784/41923246_digital-image.png"
"Campo Verde Bio Demeter Zuckermais 230g","Campo Verde","4045178002483","1.59","230g (1 kg = 6,91 €)","Fertiggerichte & Konserven","False","https://img.rewe-static.de/1105290/32036626_digital-image.png"
"REWE Beste Wahl Chili con Carne pikant 405g","REWE Beste Wahl","4337256090650","1.99","405g (1 kg = 4,91 €)","Fertiggerichte & Konserven","False","https://img.rewe-static.de/1185231/17745660_digital-image.png"
"REWE Beste Wahl Erbsen extra fein 455g","REWE Beste Wahl","4337256846899","1.49","455g (1 kg = 3,27 €)","Fertiggerichte & Konserven","False","https://img.rewe-static.de/1977824/23137784_digital-image.png"
"Knorr Bouillon Gemüse 7000ml","Knorr","8720182932068","1.89","7000ml (1 l = 0,27 €)","Fertiggerichte & Konserven","False","https://img.rewe-static.de/8165760/46810958_digital-image.png"
"REWE Beste Wahl Marinierte Oliven mit Knoblauch 150g","REWE Beste Wahl","4337256731850","2.29","150g (1 kg = 15,27 €)","Fertiggerichte & Konserven","False","https://img.rewe-static.de/7635159/41928473_digital-image.png"
"REWE Beste Wahl Braune Linsen 265g","REWE Beste Wahl","4337256733007","1.39","265g (1 kg = 5,25 €)","Fertiggerichte & Konserven","False","https://img.rewe-static.de/8372258/30373988_digital-image.png"
"REWE Beste Wahl 5-Frucht Cocktail 250g","REWE Beste Wahl","4337256147460","1.89","250g (1 kg = 7,56 €)","Fertiggerichte & Konserven","False","https://img.rewe-static.de/8496253/32189170_digital-image.png"
"Aroy-D Kokosnussmilch 250ml","Aroy-D","8851613101378","1.89","250ml (1 l = 7,56 €)","Fertiggerichte & Konserven","False","https://img.rewe-static.de/1192227/24078421_digital-image.png"
"REWE Beste Wahl Gulaschsuppe 400ml","REWE Beste Wahl","4337256539081","1.99","400g (1 kg = 4,98 €)","Fertiggerichte & Konserven","False","https://img.rewe-static.de/0197010/6413090_digital-image.png"
"Nissin Nudelsuppe Demae Ramen Spicy 100g","Nissin","8712429361106","0.69","100g (1 kg = 6,90 €)","Fertiggerichte & Konserven","False","https://img.rewe-static.de/6201911/7478290_digital-image.png"
"Zum Dorfkrug Rote Grütze 375g","Zum Dorfkrug","4260054653218","2.49","375g (1 kg = 6,64 €)","Fertiggerichte & Konserven","False","https://img.rewe-static.de/1402306/20669198_digital-image.png"
"REWE Bio Kichererbsen-Kokos-Eintopf 400ml","REWE Bio","4337256356657","2.29","400ml (1 l = 5,73 €)","Fertiggerichte & Konserven","False","https://img.rewe-static.de/3235642/26894379_digital-image.png"
"Hengstenberg Mildessa Mildes Weinsauerkraut 285g","Hengstenberg","40081922","1.59","285g (1 kg = 5,58 €)","Fertiggerichte & Konserven","False","https://img.rewe-static.de/0145645/3129110_digital-image.png"
"REWE Beste Wahl Williams-Christ Birnen halbe Frucht 455g","REWE Beste Wahl","4337256724920","2.19","455g (1 kg = 4,81 €)","Fertiggerichte & Konserven","False","https://img.rewe-static.de/0137801/23252837_digital-image.png"
"REWE Beste Wahl Schlesische Gurkenhappen würzig-süß 290g","REWE Beste Wahl","4337256838337","1.49","290g (1 kg = 5,14 €)","Fertiggerichte & Konserven","False","https://img.rewe-static.de/0117166/21854167_digital-image.png"
"REWE Beste Wahl Lychees geschält & entsteint 195g","REWE Beste Wahl","4337256884167","1.99","195g (1 kg = 10,21 €)","Fertiggerichte & Konserven","False","https://img.rewe-static.de/9973531/45627065_digital-image.png"
"REWE Beste Wahl Mango-Schnitten 250g","REWE Beste Wahl","4337256827638","1.69","250g (1 kg = 6,76 €)","Fertiggerichte & Konserven","False","https://img.rewe-static.de/0137829/22717458_digital-image.png"
"REWE Bio Brechbohnen 185g","REWE Bio","4337256855082","0.99","185g (1 kg = 5,35 €)","Fertiggerichte & Konserven","False","https://img.rewe-static.de/8611706/34747517_digital-image.png"
"REWE Beste Wahl Kichererbsen 140g","REWE Beste Wahl","4337256733335","0.69","140g","Fertiggerichte & Konserven","False","https://img.rewe-static.de/7762557/37605098_digital-image.png"
"REWE Beste Wahl Aprikosen halbe Frucht 475g","REWE Beste Wahl","4337256498074","2.69","475g (1 kg = 5,66 €)","Fertiggerichte & Konserven","False","https://img.rewe-static.de/0137830/22629321_digital-image.png"
"REWE Beste Wahl Pflaumen 395g","REWE Beste Wahl","4337256342360","2.19","395g (1 kg = 5,54 €)","Fertiggerichte & Konserven","False","https://img.rewe-static.de/0133293/22997351_digital-image.png"
"Knorr Fix Spaghetti Napoli für 3 Portionen","Knorr","8717163861820","0.99","39g (1 kg = 25,38 €)","Fertiggerichte & Konserven","False","https://img.rewe-static.de/8359528/30278410_digital-image.png"
"REWE Beste Wahl Mini-Champignons 115g","REWE Beste Wahl","4337256787185","1.69","115g (1 kg = 14,70 €)","Fertiggerichte & Konserven","False","https://img.rewe-static.de/2137786/22717470_digital-image.png"
"REWE Beste Wahl Champignons 315g","REWE Beste Wahl","4337256789271","2.99","315g (1 kg = 9,49 €)","Fertiggerichte & Konserven","False","https://img.rewe-static.de/1198763/22866601_digital-image.png"
"Saupiquet Thunfisch in Sonnenblumenöl 140g","Saupiquet","3165955584016","2.99","140g (1 kg = 21,36 €)","Fertiggerichte & Konserven","False","https://img.rewe-static.de/0713856/8536580_digital-image.png"
"REWE Feine Welt Girasoli Trüffel Käse 250g","REWE Feine Welt","4337256387804","2.79","250g (1 kg = 11,16 €)","Fertiggerichte & Konserven","False","https://img.rewe-static.de/7074078/26786654_digital-image.png"
"Bonduelle Bio Goldmais 140g","Bonduelle","3083680977531","1.79","140g (1 kg = 12,79 €)","Fertiggerichte & Konserven","False","https://img.rewe-static.de/1225063/31533770_digital-image.png"
"Samyang Buldak Hot Chicken Flavor Ramen 140g","NA","8801073110502","2.29","140g (1 kg = 16,36 €)","Fertiggerichte & Konserven","False","https://img.rewe-static.de/3274623/39364618_digital-image.png"
"Erasco Heisse Tasse Huhn mit Nudeln 48,4g","Erasco","4037300134605","1.39","48,40g (1 kg = 28,72 €)","Fertiggerichte & Konserven","False","https://img.rewe-static.de/9967321/45054760_digital-image.png"
"REWE Beste Wahl Gulaschsuppe 800g","REWE Beste Wahl","4337256542562","3.79","800g (1 kg = 4,74 €)","Fertiggerichte & Konserven","False","https://img.rewe-static.de/2386391/28557226_digital-image.png"
"REWE Feine Welt Kalamata Oliven ohne Stein 135g","REWE Feine Welt","4337256630429","2.49","135g (1 kg = 18,44 €)","Fertiggerichte & Konserven","False","https://img.rewe-static.de/0674771/5245320_digital-image.png"
"REWE Bio Möhrchen 330g","REWE Bio","4337256853767","1.29","330g (1 kg = 3,91 €)","Fertiggerichte & Konserven","False","https://img.rewe-static.de/8777278/36283881_digital-image.png"
"Campo Verde Bio Demeter Apfelmark 360g","Campo Verde","4045178002124","1.39","360g (1 kg = 3,86 €)","Fertiggerichte & Konserven","False","https://img.rewe-static.de/0835127/33687126_digital-image.png"
"REWE Bio Getrocknete Tomaten 125g","REWE Bio","4337256739221","2.69","125g (1 kg = 21,52 €)","Fertiggerichte & Konserven","False","https://img.rewe-static.de/7633625/42429513_digital-image.png"
"Eifeler Bauernsülze 250g","Eifeler Fleischwaren","4003473006407","2.39","250g (1 kg = 9,56 €)","Fertiggerichte & Konserven","False","https://img.rewe-static.de/8244385/28600115_digital-image.png"
"Bonduelle Bio Kichererbsen 265g","Bonduelle","3083681052848","2.29","265g (1 kg = 8,64 €)","Fertiggerichte & Konserven","False","https://img.rewe-static.de/3068492/26172370_digital-image.png"
"Meica Curryking XXL fix & fertig 400g","Meica","4000503282008","4.49","400g (1 kg = 11,23 €)","Fertiggerichte & Konserven","False","https://img.rewe-static.de/0866749/5388540_digital-image.png"
"Saupiquet Thunfisch-Salat Cous Cous 160g","Saupiquet","3165950580891","2.99","160g (1 kg = 18,69 €)","Fertiggerichte & Konserven","False","https://img.rewe-static.de/7237376/27618136_digital-image.png"
"REWE Beste Wahl Stangenspargel 320g","REWE Beste Wahl","4337256657853","3.99","320g (1 kg = 12,47 €)","Fertiggerichte & Konserven","False","https://img.rewe-static.de/0137794/22860850_digital-image.png"
"REWE Beste Wahl Knoblauch Siziliana 180g","REWE Beste Wahl","4337256363662","1.89","190g (1 kg = 9,95 €)","Fertiggerichte & Konserven","False","https://img.rewe-static.de/2953026/25701944_digital-image.png"
"REWE Beste Wahl Rote Grütze 360g","REWE Beste Wahl","4337256856157","1.69","360g (1 kg = 4,69 €)","Fertiggerichte & Konserven","False","https://img.rewe-static.de/9110824/45670443_digital-image.png"
"REWE Beste Wahl Champignons ganze Köpfe 200g","REWE Beste Wahl","4337256767033","1.99","200g (1 kg = 9,95 €)","Fertiggerichte & Konserven","False","https://img.rewe-static.de/1198757/22866598_digital-image.png"
"REWE Beste Wahl Artischockenherzen 160g","REWE Beste Wahl","4337256366588","2.79","160g (1 kg = 17,44 €)","Fertiggerichte & Konserven","False","https://img.rewe-static.de/2107316/22336828_digital-image.png"
"Gutes aus der Eifel Paprika-Gulasch 400g","Gutes aus der Eifel","4003473020502","4.19","400g (1 kg = 10,48 €)","Fertiggerichte & Konserven","False","https://img.rewe-static.de/4058267/2699410_digital-image.png"
"Followfood Bio Cheesy+Creamy Carbonara Style Noodles 163g","Followfood","4250073462557","2.99","163g (1 kg = 18,34 €)","Fertiggerichte & Konserven","False","https://img.rewe-static.de/9954231/46617061_digital-image.png"
"REWE Bio Artischocken gegrillt 180g","REWE Bio","4337256541121","3.49","180g (1 kg = 19,39 €)","Fertiggerichte & Konserven","False","https://img.rewe-static.de/8861892/38335933_digital-image.png"
"Spreewaldhof Schlachtekraut 400g","Spreewaldhof","4012712032985","1.89","400g (1 kg = 4,73 €)","Fertiggerichte & Konserven","False","https://img.rewe-static.de/1198070/20332100_digital-image.png"
"REWE Beste Wahl Pfifferlinge 155g","REWE Beste Wahl","4337256788571","3.79","155g (1 kg = 24,45 €)","Fertiggerichte & Konserven","False","https://img.rewe-static.de/2316542/24039037_digital-image.png"
"REWE Bio Wachsbrechbohnen 185g","REWE Bio","4337256636360","1.19","185g (1 kg = 6,43 €)","Fertiggerichte & Konserven","False","https://img.rewe-static.de/7682644/39326535_digital-image.png"
"Knorr Delikatess Brühe vegan 7l","Knorr","8720182932044","1.89","7000ml (1 l = 0,27 €)","Fertiggerichte & Konserven","False","https://img.rewe-static.de/9922853/46936790_digital-image.png"
"Feinkost Dittmann Oliven grün 160g","Feinkost Dittmann","4002239401302","2.99","160g (1 kg = 18,69 €)","Fertiggerichte & Konserven","False","https://img.rewe-static.de/3692469/3536240_digital-image.png"
"Erasco Westfälischer Linsen-Eintopf mit Essig 800g","Erasco","4037300108231","3.29","800g (1 kg = 4,11 €)","Fertiggerichte & Konserven","False","https://img.rewe-static.de/5222559/3487750_digital-image.png"
"Feinkost Dittmann Spanische Oliven schwarz 155g","Feinkost Dittmann","4002239420907","2.99","155g (1 kg = 19,29 €)","Fertiggerichte & Konserven","False","https://img.rewe-static.de/6723101/12592100_digital-image.png"
"REWE to go Hack Lauch Suppe 430ml","REWE to go","4337256183321","2.99","430ml (1 l = 6,95 €)","Fertiggerichte & Konserven","False","https://img.rewe-static.de/7291441/28208407_digital-image.png"
"Saupiquet MSC Thunfisch Salat Italiana 160g","Saupiquet","4260057140654","2.99","160g (1 kg = 18,69 €)","Fertiggerichte & Konserven","False","https://img.rewe-static.de/7239226/27586204_digital-image.png"
"Dreistern Rindfleisch im eigenen Saft 97% Pure Beef 300g","Dreistern","4006276021660","3.29","300g (1 kg = 10,97 €)","Fertiggerichte & Konserven","False","https://img.rewe-static.de/9088751/43701997_digital-image.png"
"REWE Feine Welt Nocellara Oliven mit Stein 135g","REWE Feine Welt","4337256834254","2.49","135g (1 kg = 18,44 €)","Fertiggerichte & Konserven","False","https://img.rewe-static.de/0674769/5245280_digital-image.png"
"Bonduelle Goldmais Duo-Pack 300g","Bonduelle","3083681133158","2.19","2x280g","Fertiggerichte & Konserven","False","https://img.rewe-static.de/8599743/42824564_digital-image.png"
"Mutti geschälte Tomaten 520g","MUTTI","8005110050008","2.59","520g (1 kg = 4,98 €)","Fertiggerichte & Konserven","False","https://img.rewe-static.de/0559214/30062518_digital-image.png"
"Bonduelle Junge Erbsen dampfgegart 265g","Bonduelle","3083681130720","1.99","265g (1 kg = 7,51 €)","Fertiggerichte & Konserven","False","https://img.rewe-static.de/8893717/38308926_digital-image.png"
"Feine Küche Jürgen Langbein Bio Gemüse-Fond 400ml","Jürgen Langbein","4007680106721","3.29","400ml (1 l = 8,23 €)","Fertiggerichte & Konserven","False","https://img.rewe-static.de/2308757/26433880_digital-image.png"
"Dreistern Schweinefleisch im eigenen Saft 300g","Dreistern","4006276001914","2.99","300g (1 kg = 9,97 €)","Fertiggerichte & Konserven","False","https://img.rewe-static.de/6328407/1204990_digital-image.png"
"REWE Beste Wahl Kapernäpfel in Weißweinessig 130g","REWE Beste Wahl","4337256341189","1.79","130g (1 kg = 13,77 €)","Fertiggerichte & Konserven","False","https://img.rewe-static.de/0710583/22923782_digital-image.png"
"REWE Bio Cocktail-Würstchen 190g","REWE Bio","4337256210515","3.49","190g (1 kg = 18,37 €)","Fertiggerichte & Konserven","False","https://img.rewe-static.de/8551498/33347018_digital-image.png"
"REWE to go Thai Suppe mit Kokosmilch 430ml","REWE to go","4337256237246","2.99","430ml (1 l = 6,95 €)","Fertiggerichte & Konserven","False","https://img.rewe-static.de/7910808/33131068_digital-image.png"
"REWE Beste Wahl Stachelbeeren gezuckert 390g","REWE Beste Wahl","4337256820844","2.29","390g (1 kg = 5,87 €)","Fertiggerichte & Konserven","False","https://img.rewe-static.de/0133405/22712973_digital-image.png"
"Biozentrale Bio Tomaten-Passata 690g","biozentrale","4005009100337","2.89","690g (1 kg = 4,19 €)","Fertiggerichte & Konserven","False","https://img.rewe-static.de/0938089/23484204_digital-image.png"
"Saupiquet Thunfisch-Brotaufstrich Classic 115g","Saupiquet","3165950052015","3.29","115g (1 kg = 28,61 €)","Fertiggerichte & Konserven","False","https://img.rewe-static.de/3954420/1645780_digital-image.png"
"Meica Frankfurter extra knackig 250g, 6 Stück","Meica","4000503141305","4.49","250g (1 kg = 17,96 €)","Fertiggerichte & Konserven","False","https://img.rewe-static.de/6744427/7372540_digital-image.png"
"Hengstenberg Mildessa Mildes Weinsauerkraut 520g","Hengstenberg","40081915","2.29","520g (1 kg = 4,40 €)","Fertiggerichte & Konserven","False","https://img.rewe-static.de/0145637/1224720_digital-image.png"
"Meica Bio-Saft-Bockwurst 180g, 6 Stück","Meica","4000503710204","3.99","180g (1 kg = 22,17 €)","Fertiggerichte & Konserven","False","https://img.rewe-static.de/3819108/23276576_digital-image.png"
"Hak Linsen 200g","HAK","8720600613722","2.19","200g (1 kg = 10,95 €)","Fertiggerichte & Konserven","False","https://img.rewe-static.de/7065164/27971948_digital-image.png"
"REWE Beste Wahl Kräuter-Oliven ohne Stein 150g","REWE Beste Wahl","4337256647212","1.99","150g (1 kg = 13,27 €)","Fertiggerichte & Konserven","False","https://img.rewe-static.de/1302332/22861543_digital-image.png"
"Bonduelle Bio Junge Erbsen 280g","Bonduelle","3083681106947","2.29","280g (1 kg = 8,18 €)","Fertiggerichte & Konserven","False","https://img.rewe-static.de/2329428/23295682_digital-image.png"
"Indonesia Bihun-Suppe 390ml","Indonesia","4008002000116","1.79","390ml (1 l = 4,59 €)","Fertiggerichte & Konserven","False","https://img.rewe-static.de/4975421/1805020_digital-image.png"
"REWE Beste Wahl Feine Pilzmischung 290g","REWE Beste Wahl","4337256663151","2.79","155g","Fertiggerichte & Konserven","False","https://img.rewe-static.de/8956199/40054857_digital-image.png"
"Samyang Buldak Hot Chicken Flavor Ramen 2x Spicy 140g","NA","8801073113428","2.29","140g (1 kg = 16,36 €)","Fertiggerichte & Konserven","False","https://img.rewe-static.de/3339489/39362336_digital-image.png"
"Odenwald Schattenmorellen 700g","Odenwald","4008122021374","3.99","350g (1 kg = 11,40 €)","Fertiggerichte & Konserven","False","https://img.rewe-static.de/9995416/44084031_digital-image.png"
"Knorr Gemüse Bouillon vegan 16l","Knorr","8720182922700","3.49","16ml (1 l = 0,35 €)","Fertiggerichte & Konserven","False","https://img.rewe-static.de/9923079/46936920_digital-image.png"
"Dreistern Gourmet Rinderrouladen 500g","Dreistern","4006276020618","6.29","500g (1 kg = 12,58 €)","Fertiggerichte & Konserven","False","https://img.rewe-static.de/0408501/2668790_digital-image.png"
"Leimer Eierstich 100g","Leimer","4000186035809","1.49","100g (1 kg = 14,90 €)","Fertiggerichte & Konserven","False","https://img.rewe-static.de/7336209/2025300_digital-image.png"
"Bonduelle Garten-Erbsen 265g","Bonduelle","3083681115222","1.99","265g (1 kg = 7,51 €)","Fertiggerichte & Konserven","False","https://img.rewe-static.de/4616995/9691130_digital-image.png"
"Hengstenberg Senfgurken 215g","Hengstenberg","40081458","2.19","215g (1 kg = 10,19 €)","Fertiggerichte & Konserven","False","https://img.rewe-static.de/4623860/7472710_digital-image.png"
"Deutsche See Thunfischsalat Mexicana 160g","Deutsche See","4009239206326","2.49","160g (1 kg = 15,56 €)","Fertiggerichte & Konserven","False","https://img.rewe-static.de/9928531/47170734_digital-image.png"
"REWE to go Wrap Lachs & Ei 180g","REWE to go","4337256101318","2.99","180g (1 kg = 16,61 €)","Fertiggerichte & Konserven","False","https://img.rewe-static.de/2848796/25598304_digital-image.png"
"Belsun Pfirsiche Schnitten leicht gezuckert 850ml","Belsun","4002442811837","2.29","820g","Fertiggerichte & Konserven","False","https://img.rewe-static.de/9195210/44018174_digital-image.png"
"REWE Feine Welt Girasoli Pecorino Pfeffer 250g","REWE Feine Welt","4337256276917","2.79","250g (1 kg = 11,16 €)","Fertiggerichte & Konserven","False","https://img.rewe-static.de/7891896/33951642_digital-image.png"
"Saupiquet Thunfisch-Filets Naturale ohne Öl 130g","Saupiquet","3165955527013","3.59","130g (1 kg = 27,62 €)","Fertiggerichte & Konserven","False","https://img.rewe-static.de/0263567/3884750_digital-image.png"
"Schär Focaccia con Rosmarino glutenfrei 200g","Schär","8008698004678","3.29","200g (1 kg = 16,45 €)","Fertiggerichte & Konserven","False","https://img.rewe-static.de/1293999/24095214_digital-image.png"
"Feinkost Dittmann Kräuter-Oliven trocken eingelegt 170g","Feinkost Dittmann","4002239403009","2.99","170g (1 kg = 17,59 €)","Fertiggerichte & Konserven","False","https://img.rewe-static.de/4911083/7478490_digital-image.png"
"REWE Beste Wahl Schnittbohnen 330g","REWE Beste Wahl","4337256668880","1.49","330g (1 kg = 4,52 €)","Fertiggerichte & Konserven","False","https://img.rewe-static.de/0116774/21914573_digital-image.png"
"Dörffler Ragout Fin mit Champignons 400g","Dörffler","4048952572097","3.99","400g (1 kg = 9,98 €)","Fertiggerichte & Konserven","False","https://img.rewe-static.de/0104094/1903250_digital-image.png"
"Kühne Selleriesalat süßlich-pikant 190g","Kühne","40804187","1.99","190g (1 kg = 10,47 €)","Fertiggerichte & Konserven","False","https://img.rewe-static.de/4021460/677050_digital-image.png"
"REWE Beste Wahl Hirtenkäse 280g","REWE Beste Wahl","4337256527521","2.99","280g (1 kg = 10,68 €)","Fertiggerichte & Konserven","False","https://img.rewe-static.de/0975749/22756111_digital-image.png"
"Steinhaus Steinpilz Champignon Torte 200g","Steinhaus","4009337902106","2.49","200g (1 kg = 12,45 €)","Fertiggerichte & Konserven","False","https://img.rewe-static.de/3153472/26171141_digital-image.png"
"Bonduelle Kichererbsen 150g","Bonduelle","3083681012668","1.39","130g","Fertiggerichte & Konserven","False","https://img.rewe-static.de/8535978/44414318_digital-image.png"
"Pomito Passierte Tomaten 1kg","Pomito","8032793343301","2.59","1000g","Fertiggerichte & Konserven","False","https://img.rewe-static.de/8269975/31086296_digital-image.png"
"SOTO Bio Mini Frühlingsrollen China Style vegan 200g","SOTO","4026584132209","2.99","4x200g (1 kg = 14,95 €)","Fertiggerichte & Konserven","False","https://img.rewe-static.de/0066897/39738306_digital-image.png"
"Feinkost Dittmann Pfefferonen mild-pikant 170g","Feinkost Dittmann","4002239640503","2.19","170g (1 kg = 12,88 €)","Fertiggerichte & Konserven","False","https://img.rewe-static.de/4951450/12592060_digital-image.png"
"REWE Beste Wahl Gigantes Riesenbohnen in Tomatensauce 280g","REWE Beste Wahl","4337256806299","1.69","280g (1 kg = 6,04 €)","Fertiggerichte & Konserven","False","https://img.rewe-static.de/9066882/43985742_digital-image.png"
"Böklunder Echte Land-Bockwurst in Eigenhaut 250g, 5 Stück","Böklunder","4000404935355","2.99","250g (1 kg = 11,96 €)","Fertiggerichte & Konserven","False","https://img.rewe-static.de/6799744/910760_digital-image.png"
"Kattus Kapern Capotes 60g","Kattus","4058700704878","2.19","60g (1 kg = 21,90 €)","Fertiggerichte & Konserven","False","https://img.rewe-static.de/8447781/31408861_digital-image.png"
"Maggi Genießer Waldpilzcreme-Suppe 500ml","Maggi","7613036041942","1.19","500ml (1 l = 2,38 €)","Fertiggerichte & Konserven","False","https://img.rewe-static.de/7141366/27156008_digital-image.png"
"Meica Bio-Wiener knackig 250g","Meica","4000503710006","5.59","250g (1 kg = 22,36 €)","Fertiggerichte & Konserven","False","https://img.rewe-static.de/6960030/23276569_digital-image.png"
"Großmann Kirschpaprika 150g","Grossmann","4006495635754","2.99","150g (1 kg = 19,93 €)","Fertiggerichte & Konserven","False","https://img.rewe-static.de/2473041/24306916_digital-image.png"
"Feinkost Dittmann Oliven grün in Scheiben 170g","Feinkost Dittmann","4002239454308","2.99","170g (1 kg = 17,59 €)","Fertiggerichte & Konserven","False","https://img.rewe-static.de/3663892/24078464_digital-image.png"
"Kühne Kürbis 200g","Kühne","40804330","2.09","200g (1 kg = 10,45 €)","Fertiggerichte & Konserven","False","https://img.rewe-static.de/0283355/7461570_digital-image.png"
"Hak Apfelmus Extra Qualität 355g","HAK","8720600030109","1.69","355g (1 kg = 4,76 €)","Fertiggerichte & Konserven","False","https://img.rewe-static.de/3698416/1656150_digital-image.png"
"Lysell Gabelröllchen in herzhafter Remoulade 125g","Lysell","4044491054414","2.99","125g (1 kg = 23,92 €)","Fertiggerichte & Konserven","False","https://img.rewe-static.de/4689860/1796770_digital-image.png"
"REWE Beste Wahl Stockschwämmchen 170g","REWE Beste Wahl","4388860700169","2.19","170g (1 kg = 12,88 €)","Fertiggerichte & Konserven","False","https://img.rewe-static.de/1278734/23016202_digital-image.png"
"Wilhelm Brandenburg Gulaschsuppe 500g","Wilhelm Brandenburg","4337256587167","3.79","500g (1 kg = 7,58 €)","Fertiggerichte & Konserven","False","https://img.rewe-static.de/3313689/28878754_digital-image.png"
"Maggi Fix für China-Pfanne Chop Suey 34g","Maggi","7613035110335","1.09","34g (1 kg = 32,06 €)","Fertiggerichte & Konserven","False","https://img.rewe-static.de/2413664/23886689_digital-image.png"
"Hawesta Heringsfilets in Pfeffercreme 200g","Hawesta","4006922001602","1.99","200g (1 kg = 9,95 €)","Fertiggerichte & Konserven","False","https://img.rewe-static.de/0199724/5768850_digital-image.png"
"Feinkost Dittmann Oliven grün mit Paprikapaste 200g","Feinkost Dittmann","4002239431507","2.69","200g (1 kg = 13,45 €)","Fertiggerichte & Konserven","False","https://img.rewe-static.de/3692450/22429448_digital-image.png"
"Bonduelle Möhrchen zart und extra fein 130g","Bonduelle","3083680000369","1.39","130g (1 kg = 10,69 €)","Fertiggerichte & Konserven","False","https://img.rewe-static.de/3851567/7478810_digital-image.png"
"REWE beste Wahl Kichererbsen & Bohnen Mix 200g","REWE Beste Wahl","4337256677004","0.99","130g","Fertiggerichte & Konserven","False","https://img.rewe-static.de/8971011/40347207_digital-image.png"
"REWE to go Onigiri Kimchi 100g","REWE to go","42016120","2.69","100g (1 kg = 26,90 €)","Fertiggerichte & Konserven","False","https://img.rewe-static.de/9066547/42826181_digital-image.png"
"REWE to go Hähnchen Kokos Suppe 430g","REWE to go","4337256890458","2.99","430g","Fertiggerichte & Konserven","False","https://img.rewe-static.de/9961373/45057210_digital-image.png"
"Ibero Schwarze Oliven entsteint 65g","Ibero","4013200555177","1.79","65g (1 kg = 27,54 €)","Fertiggerichte & Konserven","False","https://img.rewe-static.de/2373360/2426320_digital-image.png"
"REWE Feine Welt Wildlachskaviar 50g","REWE Feine Welt","4337256830935","5.99","50g (1 kg = 119,80 €)","Fertiggerichte & Konserven","False","https://img.rewe-static.de/7575779/44126298_digital-image.png"
"Saupiquet Thunfisch-Filets in Olivenöl mit Zitrone und schwarzem Pfeffer 104g","Saupiquet","4260057140173","3.79","104g (1 kg = 29,15 €)","Fertiggerichte & Konserven","False","https://img.rewe-static.de/8299215/29336643_digital-image.png"
"Bamboo Garden Kokosmilch 400ml","Bamboo Garden","4023900545507","2.49","400ml (1 l = 6,23 €)","Fertiggerichte & Konserven","False","https://img.rewe-static.de/8010649/31009327_digital-image.png"
"Nissin Soba Nudeln mit Yakisoba-Sauce Classic Big Cup 113g","Nissin","5997523315818","2.19","113g (1 kg = 19,38 €)","Fertiggerichte & Konserven","False","https://img.rewe-static.de/7637000/43028714_digital-image.png"
"Feinkost Dittmann Peloponnesische Peperoncini 125g","Feinkost Dittmann","4002239818100","1.99","125g (1 kg = 15,92 €)","Fertiggerichte & Konserven","False","https://img.rewe-static.de/2222467/31501527_digital-image.png"
"Saupiquet Thunfisch-Filets in Olivenöl 104g","Saupiquet","3165950577624","3.79","104g (1 kg = 23,69 €)","Fertiggerichte & Konserven","False","https://img.rewe-static.de/2247157/28023088_digital-image.png"
"Argeta Pikant 95g","Argeta","3838471007504","1.49","95g (1 kg = 15,68 €)","Fertiggerichte & Konserven","False","https://img.rewe-static.de/0811834/23689599_digital-image.png"
"Nissin Cup Noodles Chicken Teriyaki 67g","Nissin","5997523313371","1.19","67g (1 kg = 17,76 €)","Fertiggerichte & Konserven","False","https://img.rewe-static.de/8676749/36969593_digital-image.png"
"Feinkost Dittmann Oliven schwarz trocken eingelegt 85g","Feinkost Dittmann","4002239443609","1.99","85g (1 kg = 23,41 €)","Fertiggerichte & Konserven","False","https://img.rewe-static.de/0259318/22455780_digital-image.png"
"Hengstenberg Mildessa Weinsauerkraut 350g","Hengstenberg","4008100152557","2.19","350g (1 kg = 6,26 €)","Fertiggerichte & Konserven","False","https://img.rewe-static.de/8373147/30582589_digital-image.png"
"REWE to go Geräucherter Lachs Sandwich mit roten Zwiebeln und Salat 150g","REWE to go","42258919","2.99","155g (1 kg = 19,29 €)","Fertiggerichte & Konserven","False","https://img.rewe-static.de/7056169/26876312_digital-image.png"
"Bonduelle Goldmais Junge Ernte 140g","Bonduelle","3083681130515","1.79","140g (1 kg = 12,79 €)","Fertiggerichte & Konserven","False","https://img.rewe-static.de/8688013/36183952_digital-image.png"
"REWE Beste Wahl Exotischer Fruchtcocktail 425g","REWE Beste Wahl","4337256754569","1.49","230g (1 kg = 6,48 €)","Fertiggerichte & Konserven","False","https://img.rewe-static.de/7620327/42307435_digital-image.png"
"Meica Mini Wini Geflügel Singles 380g","Meica","4000503148700","4.49","260g (1 kg = 17,27 €)","Fertiggerichte & Konserven","False","https://img.rewe-static.de/7629838/44230784_digital-image.png"
"Feinkost Dittmann Pfefferonen mild 125g","Feinkost Dittmann","4002239804004","1.79","125g (1 kg = 14,32 €)","Fertiggerichte & Konserven","False","https://img.rewe-static.de/0127132/2478580_digital-image.png"
"Rügen Fisch Kieler Sprotten MSC 80g","Rügenfisch","4012839510281","1.79","80g","Fertiggerichte & Konserven","False","https://img.rewe-static.de/7879996/35435712_digital-image.png"
"Sonnen Bassermann Hochzeitssuppe 395ml","Sonnen Bassermann","4002473804457","1.99","395ml (1 l = 5,04 €)","Fertiggerichte & Konserven","False","https://img.rewe-static.de/5209340/22880404_digital-image.png"
"Samyang Buldak Kimchi Hot Chicken Flavor Ramen 135g","NA","8801073114531","2.29","135g (1 kg = 16,96 €)","Fertiggerichte & Konserven","False","https://img.rewe-static.de/8598527/39510499_digital-image.png"
"Kühne Schlemmertöpfchen mit Honig & Chili verfeinert 300g","Kühne","4012200417201","3.49","300g (1 kg = 11,63 €)","Fertiggerichte & Konserven","False","https://img.rewe-static.de/2479916/30062521_digital-image.png"
"Saupiquet Thunfisch-Filets in Olivenöl extra 130g","Saupiquet","4260057140197","3.79","104g (1 kg = 36,44 €)","Fertiggerichte & Konserven","False","https://img.rewe-static.de/8829855/36665932_digital-image.png"
"Bonduelle Bunter Karotten Mix 240g","Bonduelle","3083680917988","1.79","240g (1 kg = 7,46 €)","Fertiggerichte & Konserven","False","https://img.rewe-static.de/0529857/9696640_digital-image.png"
"Knorr Fix China Pfanne Chop Suey 36g","Knorr","8720182519955","0.99","36g (1 kg = 27,50 €)","Fertiggerichte & Konserven","False","https://img.rewe-static.de/8843132/43088834_digital-image.png"
"Leuchtenberg Mildes Weinsauerkraut 500g","Leuchtenberg","4002471073008","1.49","500g (1 kg = 2,98 €)","Fertiggerichte & Konserven","False","https://img.rewe-static.de/6905331/23314827_digital-image.png"
"Wilhelm Brandenburg Erbsensuppe 750g","Wilhelm Brandenburg","4337256600378","3.79","750g (1 kg = 5,05 €)","Fertiggerichte & Konserven","False","https://img.rewe-static.de/3315312/31857994_digital-image.png"
"Ibero Manzanilla Oliven Grün entsteint 85g","Ibero","4013200555504","1.99","85g (1 kg = 23,41 €)","Fertiggerichte & Konserven","False","https://img.rewe-static.de/0583445/22990941_digital-image.png"
"Bonduelle Dampfgegart Grüne Bohnen 440g","Bonduelle","3083681131925","2.59","440g (1 kg = 5,89 €)","Fertiggerichte & Konserven","False","https://img.rewe-static.de/8894122/38308812_digital-image.png"
"Kühne Apfelrotkohl 335g","Kühne","40122762","1.59","335g (1 kg = 4,75 €)","Fertiggerichte & Konserven","False","https://img.rewe-static.de/1305638/7460130_digital-image.png"
"Seidel Feine junge Schnittbohnen 370g","Seidel","40397412","2.29","370g (1 kg = 6,19 €)","Fertiggerichte & Konserven","False","https://img.rewe-static.de/7603525/2978080_digital-image.png"
"Deutsche See Thunfischsalat Couscous 160g","Deutsche See","4009239206777","2.49","160g","Fertiggerichte & Konserven","False","https://img.rewe-static.de/9929423/47786924_digital-image.png"
"Nissin Soba Cup Noodles Japanese Curry vegetarisch 90g","Nissin","5997523313272","1.79","90g (1 kg = 19,89 €)","Fertiggerichte & Konserven","False","https://img.rewe-static.de/7845963/39152295_digital-image.png"
"Hak Kichererbsen 215g","HAK","8720600614385","1.79","215g (1 kg = 8,33 €)","Fertiggerichte & Konserven","False","https://img.rewe-static.de/7064965/26877518_digital-image.png"
"Olivas Anchoas grüne Oliven mit würziger Sardellen-Creme 80g","NA","4260394015431","1.49","80g (1 kg = 18,63 €)","Fertiggerichte & Konserven","False","https://img.rewe-static.de/3063081/29519981_digital-image.png"
"Samyang Buldak Kimchi Hot Chicken Flavor Ramen 5x135g","NA","8801073142961","6.99","5x135g (1 kg = 10,36 €)","Fertiggerichte & Konserven","False","https://img.rewe-static.de/7576742/43644679_digital-image.png"
"REWE to go Hähnchen Sweet Chili Sandwich mit Paprika und Mais 170g","REWE to go","4337256333863","2.99","170g (1 kg = 17,59 €)","Fertiggerichte & Konserven","False","https://img.rewe-static.de/2848768/25598061_digital-image.png"
"Ibero Manzanilla Oliven schwarz entsteint 85g","Ibero","4013200555511","1.99","85g (1 kg = 23,41 €)","Fertiggerichte & Konserven","False","https://img.rewe-static.de/0583446/22990942_digital-image.png"
"Larsen Dorschleber 115g","Larsen","4067600706059","2.49","121g (1 kg = 20,58 €)","Fertiggerichte & Konserven","False","https://img.rewe-static.de/7141726/26941814_digital-image.png"
"Odenwald Apfelkompott 355g","Odenwald","4008122020407","2.49","355g (1 kg = 7,01 €)","Fertiggerichte & Konserven","False","https://img.rewe-static.de/8878037/43241966_digital-image.png"
"REWE Beste Wahl Piri Piri sehr scharf 100g","REWE Beste Wahl","42015932","1.19","60g","Fertiggerichte & Konserven","False","https://img.rewe-static.de/9093530/42026629_digital-image.png"
"Hengstenberg Mildessa Bio Sauerkraut 385g","Hengstenberg","4008100152540","2.19","385g (1 kg = 5,69 €)","Fertiggerichte & Konserven","False","https://img.rewe-static.de/8000501/31552778_digital-image.png"
"Hak Kichererbsen 200g","HAK","8720600613746","2.19","200g (1 kg = 10,95 €)","Fertiggerichte & Konserven","False","https://img.rewe-static.de/7065054/27971949_digital-image.png"
"Bonduelle Salatbohnen Mix 225g","Bonduelle","3083680912730","1.79","225g (1 kg = 7,96 €)","Fertiggerichte & Konserven","False","https://img.rewe-static.de/0529858/21006594_digital-image.png"
"Meica Eintopf-Tradition Kartoffel-Glück 515g","Meica","4000503243504","3.59","515g (1 kg = 6,97 €)","Fertiggerichte & Konserven","False","https://img.rewe-static.de/9644857/13558530_digital-image.png"
"Fabbri Amarena Frucht 100g","Fabbri","80596295","5.49","100g (1 kg = 54,90 €)","Fertiggerichte & Konserven","False","https://img.rewe-static.de/3797015/1603730_digital-image.png"
"Wilhelm Brandenburg Kartoffelsuppe 750g","Wilhelm Brandenburg","4337256526609","3.79","750g (1 kg = 5,05 €)","Fertiggerichte & Konserven","False","https://img.rewe-static.de/3315495/3352290_digital-image.png"
"Bonduelle Kidney Bohnen Duo-Pack 400g","Bonduelle","3083681133172","2.19","2x250g","Fertiggerichte & Konserven","False","https://img.rewe-static.de/7895625/43089025_digital-image.png"
"Dreistern Grünkohl mit Kasseler & Mettenden 400g","Dreistern","4006276023046","2.49","400g (1 kg = 6,23 €)","Fertiggerichte & Konserven","False","https://img.rewe-static.de/8044863/41894092_digital-image.png"
"Dörffler Bockwurst im Schweinedarm 540g, 6 Stück","Dörffler","4048952509604","6.19","540g (1 kg = 11,46 €)","Fertiggerichte & Konserven","False","https://img.rewe-static.de/8006230/30582322_digital-image.png"
"Feinkost Dittmann Oliven grün mit Paprikapaste 250g","Feinkost Dittmann","4002239850001","2.99","250g (1 kg = 11,96 €)","Fertiggerichte & Konserven","False","https://img.rewe-static.de/5744296/11214130_digital-image.png"
"Kattus Kapern Surfines 35g","Kattus","4058700704854","2.19","35g (1 kg = 62,57 €)","Fertiggerichte & Konserven","False","https://img.rewe-static.de/8477104/31606032_digital-image.png"
"Maggi fix & frisch Puten-Wok Geschnetzeltes 37g","Maggi","7613035235847","1.09","37g (1 kg = 29,46 €)","Fertiggerichte & Konserven","False","https://img.rewe-static.de/2469177/24552810_digital-image.png"
"REWE to go Sandwich Pastrami 170g","REWE to go","4337256884136","2.99","170g (1 kg = 17,59 €)","Fertiggerichte & Konserven","False","https://img.rewe-static.de/7282190/28349754_digital-image.png"
"Hengstenberg Mildessa Weinsauerkraut 3 Minuten 350g","Hengstenberg","4008100151529","2.19","350g (1 kg = 6,26 €)","Fertiggerichte & Konserven","False","https://img.rewe-static.de/3408981/2866430_digital-image.png"
"Meica Eintopf-Tradition Linsen-Glück 515g","Meica","4000503243405","3.59","515g (1 kg = 6,97 €)","Fertiggerichte & Konserven","False","https://img.rewe-static.de/9644520/1364350_digital-image.png"
"Olivas Aragonesas Natürlich schwarze Oliven 80g","NA","4260394012348","1.69","80g (1 kg = 21,13 €)","Fertiggerichte & Konserven","False","https://img.rewe-static.de/3063079/29519982_digital-image.png"
"Spreewaldhof Spreelinge Auslese 300g","Spreewaldhof","4012712003343","2.49","300g (1 kg = 8,30 €)","Fertiggerichte & Konserven","False","https://img.rewe-static.de/9369007/7475890_digital-image.png"
"Bonduelle Grüne Bohnen Dampfgegart 295g","Bonduelle","3083681131864","1.99","220g","Fertiggerichte & Konserven","False","https://img.rewe-static.de/7708219/39103461_digital-image.png"
"Pahmeyer Kartoffelauflauf Griechischer Art 300g","Pahmeyer","4260177781348","2.89","300g (1 kg = 9,63 €)","Fertiggerichte & Konserven","False","https://img.rewe-static.de/9064671/42631209_digital-image.png"
"Chili con Carne 500g","Wilhelm Brandenburg","4337256603034","3.79","500g (1 kg = 7,58 €)","Fertiggerichte & Konserven","False","https://img.rewe-static.de/2237531/27642223_digital-image.png"
"Dreistern Sülze mit Gurkenstückchen 280g","Dreistern","4006276011043","2.39","280g","Fertiggerichte & Konserven","False","https://img.rewe-static.de/8922459/39528434_digital-image.png"
"Feinkost Dittmann Pfefferonen mild 500g","Feinkost Dittmann","4002239854504","4.49","500g (1 kg = 8,98 €)","Fertiggerichte & Konserven","False","https://img.rewe-static.de/3677109/24078499_digital-image.png"
"Leerdamer Sandwich Käse & Rucola 170g","Leerdammer","4022447002603","2.49","170g (1 kg = 14,65 €)","Fertiggerichte & Konserven","False","https://img.rewe-static.de/8490429/31812428_digital-image.png"
"Lipperland Grünkohl grob gehackt 420g","Lipperland","4008418032596","1.89","420g (1 kg = 4,50 €)","Fertiggerichte & Konserven","False","https://img.rewe-static.de/6390811/2319690_digital-image.png"
"Suntat Gegrillte Rote Paprika 210g","Suntat","8690804341113","2.59","210g (1 kg = 12,33 €)","Fertiggerichte & Konserven","False","https://img.rewe-static.de/3015143/29389663_digital-image.png"
"Maggi Kürbiscremesuppe ergibt 500ml","Maggi","8445291211100","1.19","500ml (1 l = 2,38 €)","Fertiggerichte & Konserven","False","https://img.rewe-static.de/7574745/44578465_digital-image.png"
"REWE Regional Holsteiner Bockwurst 845g","REWE Regional","4337256444583","6.99","400g (1 kg = 17,48 €)","Fertiggerichte & Konserven","False","https://img.rewe-static.de/7796936/36283845_digital-image.png"
"Suntat Mexikanische Jalapeño scharf 140g","Suntat","8690804028519","1.89","140g (1 kg = 13,50 €)","Fertiggerichte & Konserven","False","https://img.rewe-static.de/1318803/28848821_digital-image.png"
"Dölling Wiener Würstchen 300g","Dölling","4008262040808","4.99","300g (1 kg = 16,63 €)","Fertiggerichte & Konserven","False","https://img.rewe-static.de/6381898/7372240_digital-image.png"
"Feinkost Dittmann Knoblauch-Oliven trocken eingelegt 170g","Feinkost Dittmann","4002239414906","3.49","170g (1 kg = 20,53 €)","Fertiggerichte & Konserven","False","https://img.rewe-static.de/5873703/22422073_digital-image.png"
"Kühne Schlesische Gurkenhappen 185g","Kühne","40804545","2.19","185g (1 kg = 11,84 €)","Fertiggerichte & Konserven","False","https://img.rewe-static.de/5702607/8137580_digital-image.png"
"REWE to go Yuriko Sushi Box ASC 360g","REWE to go","4337256425308","7.99","360g","Fertiggerichte & Konserven","False","https://img.rewe-static.de/7808416/35525241_digital-image.png"
"Wilhelm Brandenburg Kürbiscremesuppe 750g","Wilhelm Brandenburg","4337256568678","3.79","750g (1 kg = 5,05 €)","Fertiggerichte & Konserven","False","https://img.rewe-static.de/8886026/40237558_digital-image.png"
"Wilhelm Brandenburg Möhreneintopf 750g","Wilhelm Brandenburg","4337256537926","3.79","750g (1 kg = 5,05 €)","Fertiggerichte & Konserven","False","https://img.rewe-static.de/3315460/3547490_digital-image.png"
"Demeter Delizie in Cucina Bio Passierte Tomaten Grob 510g","NA","8021115292762","2.49","510g (1 kg = 4,88 €)","Fertiggerichte & Konserven","False","https://img.rewe-static.de/8614289/33246611_digital-image.png"
"Spreewald-Feldmann Senfgurken 420g","Spreewald-Feldmann","4250262708664","2.19","420g (1 kg = 5,21 €)","Fertiggerichte & Konserven","False","https://img.rewe-static.de/9383328/2676470_digital-image.png"
"Waldkauz Pfifferlinge ausgesucht klein 100g","Waldkauz","4023006201109","3.49","100g (1 kg = 34,90 €)","Fertiggerichte & Konserven","False","https://img.rewe-static.de/5072336/5838540_digital-image.png"
"Acecook Hello Pho Wok Hühnergeschmack 76g","NA","8934563282158","2.49","76g (1 kg = 32,76 €)","Fertiggerichte & Konserven","False","https://img.rewe-static.de/7666599/42433922_digital-image.png"
"Ebbrecht Grünkohl gerupft 650g","Ebbrecht","4006578198510","3.49","650g (1 kg = 5,37 €)","Fertiggerichte & Konserven","False","https://img.rewe-static.de/4982126/3141200_digital-image.png"
"Dreistern Sülze 280g","Dreistern","4006276011036","2.39","280g","Fertiggerichte & Konserven","False","https://img.rewe-static.de/8921357/39528432_digital-image.png"
"Grossmann Heringshappen in Dill","Grossmann","4011351010613","1.79","1 Stück ca. 100 g (1 kg = 17,90 €)","Fertiggerichte & Konserven","False","https://img.rewe-static.de/8575631/32692799_digital-image.png"
"Hareico Wiener 200g, 4 Stück","Hareico","4003505152508","3.99","200g (1 kg = 19,95 €)","Fertiggerichte & Konserven","False","https://img.rewe-static.de/7882300/3081510_digital-image.png"
"Mama instant Fried Rice mit Gemüse 80g","Mama","8851876010202","1.99","80g (1 kg = 24,88 €)","Fertiggerichte & Konserven","False","https://img.rewe-static.de/9105016/44244929_digital-image.png"
"Wiltmann Feinschmecker Salami Sandwich mit Pfeffercreme 155g","Wiltmann","4022447001453","2.49","155g (1 kg = 16,06 €)","Fertiggerichte & Konserven","False","https://img.rewe-static.de/8446017/32759426_digital-image.png"
"AceCook Hello Pho Wok Rindfleischgeschmack 76g","NA","8934563283155","2.49","76g (1 kg = 32,76 €)","Fertiggerichte & Konserven","False","https://img.rewe-static.de/7666601/42433917_digital-image.png"
"Drews Curry Chunks 150g","Drews","4006495181305","2.69","150g (1 kg = 17,93 €)","Fertiggerichte & Konserven","False","https://img.rewe-static.de/6324452/3281210_digital-image.png"
"Drews Putenbrust in Curry 150g","Drews","4006495180308","2.79","150g (1 kg = 18,60 €)","Fertiggerichte & Konserven","False","https://img.rewe-static.de/6323570/1063310_digital-image.png"
"Grossmann Grüne Oliven mit Mandeln gefüllt 150g","Grossmann","4006495637659","2.99","150g (1 kg = 19,93 €)","Fertiggerichte & Konserven","False","https://img.rewe-static.de/8761420/36450496_digital-image.png"
"Heinrich Lüders Grünkohl Stramme Packung 750g","Heinrich Lüders","4003384070016","6.79","750g (1 kg = 9,05 €)","Fertiggerichte & Konserven","False","https://img.rewe-static.de/5707536/2882770_digital-image.png"
"Hello Pho Wok Knoblauch und Zwiebel 76g","NA","8934563284152","2.49","76g (1 kg = 32,76 €)","Fertiggerichte & Konserven","False","https://img.rewe-static.de/8953911/45898890_digital-image.png"
"Krakus Schweinefleisch nach Polnischer Art 300g","NA","5900244010047","3.29","300g","Fertiggerichte & Konserven","False","https://img.rewe-static.de/0925206/43699403_digital-image.png"
"Suntat Weiße Bohnen 540g","Suntat","8690804354670","1.79","540g","Fertiggerichte & Konserven","False","https://img.rewe-static.de/3397938/44240219_digital-image.png"
"endori vegane chicken sticks chili cheese style 180g","endori","4251349108346","2.99","180g (1 kg = 16,61 €)","Fertiggerichte & Konserven","False","https://img.rewe-static.de/9893677/47792520_digital-image.png"
"Agrico Polnisches Brühwursterzeugnis grob 120g","Agrico","5904075001755","1.09","120g","Fertiggerichte & Konserven","False","https://img.rewe-static.de/1370914/43442362_digital-image.png"
"Anna Champignonpfanne 200g","NA","4260347569103","4.89","200g (1 kg = 24,45 €)","Fertiggerichte & Konserven","False","https://img.rewe-static.de/8956834/41325553_digital-image.png"
"Feinkost Dittmann Grüne Pfefferonen scharf 125g","Feinkost Dittmann","4002239817004","1.99","125g (1 kg = 15,92 €)","Fertiggerichte & Konserven","False","https://img.rewe-static.de/5878900/23690791_digital-image.png"
"Grossmann Husumer Küstenschmaus 150g","Grossmann","4006495634351","4.89","150g (1 kg = 32,60 €)","Fertiggerichte & Konserven","False","https://img.rewe-static.de/2043172/28023143_digital-image.png"
"Homann Bratheringsfilets mit Zwiebeln 230g","Homann","4030800075751","3.99","230g","Fertiggerichte & Konserven","False","https://img.rewe-static.de/8972017/43390986_digital-image.png"
"Lewandowski Fasolka Weiße Bohnen mit Würstchen in Tomatensauce 500g","NA","4032549037328","2.99","500g","Fertiggerichte & Konserven","False","https://img.rewe-static.de/8942685/43702842_digital-image.png"
"Odenwald Schattenmorellen 350g","Odenwald","4008122018251","3.99","350g (1 kg = 11,40 €)","Fertiggerichte & Konserven","False","https://img.rewe-static.de/5354765/33813266_digital-image.png"
"Rolnik Gewürzgurken 460g","Rolnik","5900919000045","2.59","460g (1 kg = 5,63 €)","Fertiggerichte & Konserven","False","https://img.rewe-static.de/1223379/31282954_digital-image.png"
"Valenzi Steinpilze 100g","Valenzi","4100240530056","3.49","100g (1 kg = 34,90 €)","Fertiggerichte & Konserven","False","https://img.rewe-static.de/7915458/41589859_digital-image.png"
"Vifon Instantsuppe Tomate 65g","Vifon","5901882017849","0.99","65g","Fertiggerichte & Konserven","False","https://img.rewe-static.de/9005626/43893749_digital-image.png"
"Jürgen Langbein Hamburger Labskaus 400g","Jürgen Langbein","4007680104574","5.79","400g (1 kg = 14,48 €)","Fertiggerichte & Konserven","False","https://img.rewe-static.de/5717108/22971600_digital-image.png"
"Klüvers Hühnerfrikassee 450g","NA","4260350710226","8.49","450g (1 kg = 18,87 €)","Fertiggerichte & Konserven","False","https://img.rewe-static.de/2788304/40264014_digital-image.png"
"Lewandowski Flaczki Rinderpansen in Brühe 500g","NA","4032549037441","3.99","500g (1 kg = 7,98 €)","Fertiggerichte & Konserven","False","https://img.rewe-static.de/8943792/43929791_digital-image.png"
"Lewandowski Kohlrouladen in Tomatenzubereitung 500g","NA","4032549037380","3.79","500g (1 kg = 7,58 €)","Fertiggerichte & Konserven","False","https://img.rewe-static.de/8940236/43893728_digital-image.png"
"Ostmann Nudel-Schinken-Gratin 27g","Ostmann","4002674080209","0.69","27g","Fertiggerichte & Konserven","False","https://img.rewe-static.de/8818091/38412530_digital-image.png"
"Pamapol Flaczki Kuttel-Tomaten-Suppe 500g","Pamapol","5907501002012","3.49","500g (1 kg = 6,98 €)","Fertiggerichte & Konserven","False","https://img.rewe-static.de/1319259/39380872_digital-image.png"
"Raureni Gemüse-Eintopf 300g","NA","5941028003978","2.79","300g (1 kg = 9,30 €)","Fertiggerichte & Konserven","False","https://img.rewe-static.de/2174415/24356531_digital-image.png"
"Agrico Fleischhaltiger Brotaufstrich Wieprzowina do smarowania 300g","Agrico","5904075001694","1.69","300g (1 kg = 5,63 €)","Fertiggerichte & Konserven","False","https://img.rewe-static.de/1370917/22654168_digital-image.png"
"Agrico Polnisches Brühwursterzeugnis Szynka wielkopolska 120g","Agrico","5904075001717","1.09","120g (1 kg = 9,08 €)","Fertiggerichte & Konserven","False","https://img.rewe-static.de/1370912/31500838_digital-image.png"
"Agrico Smalec Schweineschmalzhaltiger Brotaufstrich 144g","Agrico","5904075001939","0.99","144g (1 kg = 6,88 €)","Fertiggerichte & Konserven","False","https://img.rewe-static.de/1989026/31500840_digital-image.png"
"Anna Bulgursalat 200g","NA","4260347569080","2.89","200g (1 kg = 14,45 €)","Fertiggerichte & Konserven","False","https://img.rewe-static.de/8959995/43876881_digital-image.png"
"Bazar Gewürzgurken scharf mit Pepperoni 520g","NA","4032549035539","2.99","260g","Fertiggerichte & Konserven","False","https://img.rewe-static.de/9049488/44489975_digital-image.png"
"BioGourmet Bio Gemüsesuppe klar 350g","BioGourmet","4039057411008","4.99","350g (1 kg = 14,26 €)","Fertiggerichte & Konserven","False","https://img.rewe-static.de/2303311/24116092_digital-image.png"
"Dovgan Cmak Gemüsesalat mit Pflaumen Sotschi Art 530g","Dovgan","4032549008571","2.99","530g (1 kg = 5,64 €)","Fertiggerichte & Konserven","False","https://img.rewe-static.de/1400585/27821118_digital-image.png"
"Dovgan Delikatessen Bohnen in Tomatensauce 340g","Dovgan","4032549006256","2.49","340g (1 kg = 7,32 €)","Fertiggerichte & Konserven","False","https://img.rewe-static.de/1020091/24085431_digital-image.png"
"Dovgan Hering in Öl 240g","Dovgan","4032549033559","2.29","240g","Fertiggerichte & Konserven","False","https://img.rewe-static.de/8934432/44018693_digital-image.png"
"Dovgan Makrele in Öl 240g","Dovgan","4032549033511","2.79","240g","Fertiggerichte & Konserven","False","https://img.rewe-static.de/7684891/43597795_digital-image.png"
"Dovgan Sprotten in Öl 240g","Dovgan","4032549033399","1.39","240g","Fertiggerichte & Konserven","False","https://img.rewe-static.de/7684279/44017789_digital-image.png"
"Krakus Golonkowa 300g","NA","5900244010023","3.49","300g (1 kg = 11,63 €)","Fertiggerichte & Konserven","False","https://img.rewe-static.de/1495382/41398012_digital-image.png"
"Marschland Naturkost Bio Grünkohl 420g","NA","4009309572504","3.49","420g (1 kg = 8,31 €)","Fertiggerichte & Konserven","False","https://img.rewe-static.de/8893462/36173540_digital-image.png"
"Pamapol Flaczki 500g","Pamapol","5907501002258","2.99","500g (1 kg = 5,98 €)","Fertiggerichte & Konserven","False","https://img.rewe-static.de/1319253/31504911_digital-image.png"
"Pamapol Golabki Kohlrouladen in Tomatensauce 500g","Pamapol","5907501002029","2.99","500g","Fertiggerichte & Konserven","False","https://img.rewe-static.de/1319260/43597761_digital-image.png"
"Pamapol Sauerkraut 500g","Pamapol","5907501002128","2.69","500g (1 kg = 5,38 €)","Fertiggerichte & Konserven","False","https://img.rewe-static.de/1319247/41504893_digital-image.png"
"Rolnik Salatka Obiadowa 410g","Rolnik","5900919003329","2.49","410g (1 kg = 6,07 €)","Fertiggerichte & Konserven","False","https://img.rewe-static.de/0551470/31282952_digital-image.png"
"Vifon Instant Nudelsuppe mit Gulaschgeschmack pikant 65g","Vifon","5901882313460","0.99","65g","Fertiggerichte & Konserven","False","https://img.rewe-static.de/9008638/44021917_digital-image.png"
"Waldi Ben Champignons mariniert 300g","WaldiBen","5902256000344","2.89","160g (1 kg = 18,06 €)","Fertiggerichte & Konserven","False","https://img.rewe-static.de/1295819/43702891_digital-image.png"
"Zimmermann Maultaschensuppe 400ml","Zimmermann","4006153693607","2.49","400ml (1 l = 6,23 €)","Fertiggerichte & Konserven","False","https://img.rewe-static.de/1471972/28591863_digital-image.png"
"Klüvers Putensauerfleisch 450g","Klüvers","4260350715979","9.99","450g (1 kg = 22,20 €)","Fertiggerichte & Konserven","False","https://img.rewe-static.de/8440737/36822393_digital-image.png"
"Suntat Rosenblätter in Sirup vegan 380g","Suntat","8690804190810","2.49","380g","Fertiggerichte & Konserven","False","https://img.rewe-static.de/0963832/48454645_digital-image.png"
"ja! Tomaten fein gehackt in Tomatensaft 400g","ja!","4337256351812","0.59","400g (1 kg = 1,48 €)","Fertiggerichte & Konserven","False","https://img.rewe-static.de/0973336/7558370_digital-image.png"
"ja! Tomaten passiert 500g","ja!","4337256733359","0.65","500g (1 kg = 1,30 €)","Fertiggerichte & Konserven","False","https://img.rewe-static.de/5636442/26088481_digital-image.png"
"ja! Thunfischfilets in Sonnenblumenöl 195g","ja!","4337256689830","1.39","140g (1 kg = 9,93 €)","Fertiggerichte & Konserven","False","https://img.rewe-static.de/2063281/22362507_digital-image.png"
"ja! Vollkorn Tortillas 372g","ja!","4337256531573","1.29","372g (1 kg = 3,47 €)","Fertiggerichte & Konserven","False","https://img.rewe-static.de/7734626/38111161_digital-image.png"
"ja! Kidney-Bohnen rot 255g","ja!","4337256548038","0.79","255g (1 kg = 3,10 €)","Fertiggerichte & Konserven","False","https://img.rewe-static.de/0914670/24609449_digital-image.png"
"ja! Cheeseburger Schwein 2 Stück 320g","ja!","42015499","2.49","320g (1 kg = 7,78 €)","Fertiggerichte & Konserven","False","https://img.rewe-static.de/8848649/37869701_digital-image.png"
"ja! klare Hühnerbrühe 140g","ja!","4388860611205","0.99","140g (1 kg = 7,07 €)","Fertiggerichte & Konserven","False","https://img.rewe-static.de/8288311/29456707_digital-image.png"
"ja! Weizen Tortillas 372g","ja!","4337256535885","1.29","372g (1 kg = 3,47 €)","Fertiggerichte & Konserven","False","https://img.rewe-static.de/8842634/37884379_digital-image.png"
"ja! Sonnen-Mais natursüß 3x140g","ja!","4337256447362","1.99","3x420g (1 kg = 4,74 €)","Fertiggerichte & Konserven","False","https://img.rewe-static.de/7253668/27934424_digital-image.png"
"ja! Knöpfle 500g","ja!","4337256577236","1.79","500g (1 kg = 3,58 €)","Fertiggerichte & Konserven","False","https://img.rewe-static.de/7661300/39016956_digital-image.png"
"ja! Fleischbällchen-Topf mit Tomaten & Nudeln 800g","ja!","4337256519052","2.99","800g (1 kg = 3,74 €)","Fertiggerichte & Konserven","False","https://img.rewe-static.de/2270571/23183217_digital-image.png"
"ja! Pfirsiche halbe Frucht gezuckert 480g","ja!","4337256304252","2.19","480g (1 kg = 4,56 €)","Fertiggerichte & Konserven","False","https://img.rewe-static.de/5636507/24609632_digital-image.png"
"ja! Chili con Carne mit Schweinefleisch 800g","ja!","4337256528986","2.49","800g (1 kg = 3,11 €)","Fertiggerichte & Konserven","False","https://img.rewe-static.de/2270557/24076207_digital-image.png"
"ja! Königsberger Klopse 450g","ja!","4337256349826","2.19","450g (1 kg = 4,87 €)","Fertiggerichte & Konserven","False","https://img.rewe-static.de/2045420/22059777_digital-image.png"
"ja! Knoblauchbutter-Baguette 175g","ja!","4337256776530","0.99","175g (1 kg = 5,66 €)","Fertiggerichte & Konserven","False","https://img.rewe-static.de/2360956/24114108_digital-image.png"
"ja! Pusztasalat 190g","ja!","4337256388610","0.89","190g (1 kg = 4,68 €)","Fertiggerichte & Konserven","False","https://img.rewe-static.de/7825341/38309036_digital-image.png"
"ja! Schältomaten 240g","ja!","4337256357661","0.65","240g (1 kg = 2,71 €)","Fertiggerichte & Konserven","False","https://img.rewe-static.de/0273670/5498440_digital-image.png"
"ja! Fix Saucenpulver für Nudel-Schinken Gratin 40g","ja!","4337256577106","0.35","40g (1 kg = 8,75 €)","Fertiggerichte & Konserven","False","https://img.rewe-static.de/7033068/27187238_digital-image.png"
"ja! Antipasti Teller 210g","ja!","4337256594653","2.79","210g (1 kg = 13,29 €)","Fertiggerichte & Konserven","False","https://img.rewe-static.de/8902707/39408805_digital-image.png"
"ja! Nudelsalat Farfalle Hähnchen 250g","ja!","4337256337212","1.99","250g (1 kg = 7,96 €)","Fertiggerichte & Konserven","False","https://img.rewe-static.de/7829156/35680140_digital-image.png"
"ja! Tomaten-Cremesuppe 400ml","ja!","4337256535182","1.19","400ml (1 l = 2,98 €)","Fertiggerichte & Konserven","False","https://img.rewe-static.de/1206383/12693530_digital-image.png"
"ja! Grüne Oliven mit Paprikapaste 180g","ja!","4337256800273","1.99","200g (1 kg = 9,95 €)","Fertiggerichte & Konserven","False","https://img.rewe-static.de/8563138/33600670_digital-image.png"
"ja! Thunfisch Sandwich 185g","ja!","4337256297783","1.99","185g (1 kg = 10,76 €)","Fertiggerichte & Konserven","False","https://img.rewe-static.de/8622326/33631204_digital-image.png"
"ja! Blätterteig 275g","ja!","4337256245869","0.99","275g (1 kg = 3,60 €)","Fertiggerichte & Konserven","False","https://img.rewe-static.de/7907373/33225244_digital-image.png"
"ja! Schupfnudeln 500g","ja!","4337256128353","1.79","500g (1 kg = 3,58 €)","Fertiggerichte & Konserven","False","https://img.rewe-static.de/2411380/24450005_digital-image.png"
"ja! Apfelmus 710g","ja!","4337256775625","0.99","710g (1 kg = 1,39 €)","Fertiggerichte & Konserven","False","https://img.rewe-static.de/3026485/24677536_digital-image.png"
"ja! Thunfisch Filets in nativem Olivenöl extra 185g","ja!","22225009","1.99","185g","Fertiggerichte & Konserven","False","https://img.rewe-static.de/8945706/40232919_digital-image.png"
"ja! Pute-Ei Sandwich 185g","ja!","4337256298087","1.99","185g (1 kg = 10,76 €)","Fertiggerichte & Konserven","False","https://img.rewe-static.de/7877621/33631196_digital-image.png"
"ja! Sauerkirschen entsteint & gezuckert 350g","ja!","4337256475686","2.19","350g (1 kg = 6,26 €)","Fertiggerichte & Konserven","False","https://img.rewe-static.de/7011318/24680509_digital-image.png"
"ja! Gurkentopf 530g","ja!","4337256659482","1.59","530g (1 kg = 3 €)","Fertiggerichte & Konserven","False","https://img.rewe-static.de/1386397/24609590_digital-image.png"
"ja! Rote Bete Scheiben 430g","ja!","4337256671927","0.79","430g (1 kg = 1,84 €)","Fertiggerichte & Konserven","False","https://img.rewe-static.de/7105464/26853486_digital-image.png"
"ja! Lasagne Bolognese 1kg","ja!","4337256351393","3.99","1kg","Fertiggerichte & Konserven","False","https://img.rewe-static.de/1007001/30243612_digital-image.png"
"ja! Super Sweet Gemüsemais 285g","ja!","4337256283472","0.99","285g (1 kg = 3,47 €)","Fertiggerichte & Konserven","False","https://img.rewe-static.de/7073947/26853491_digital-image.png"
"ja! Hot Dog Würstchen 300g, 6 Stück","ja!","4337256124911","2.79","300g (1 kg = 9,30 €)","Fertiggerichte & Konserven","False","https://img.rewe-static.de/8487975/32170519_digital-image.png"
"ja! Klare Gemüsebrühe 140g","ja!","4337256635493","0.99","140g (1 kg = 7,07 €)","Fertiggerichte & Konserven","False","https://img.rewe-static.de/7033086/26853753_digital-image.png"
"ja! Ravioli Bolognese 800g","ja!","4337256708999","1.69","800g (1 kg = 2,11 €)","Fertiggerichte & Konserven","False","https://img.rewe-static.de/1246476/23908212_digital-image.png"
"ja! Spargelabschnitte mit Köpfen 170g","ja!","4337256650731","1.29","170g (1 kg = 7,59 €)","Fertiggerichte & Konserven","False","https://img.rewe-static.de/8779675/36884528_digital-image.png"
"ja! Bockwurst in Eigenhaut 250g, 5 Stück","ja!","4337256469982","2.29","250g (1 kg = 9,16 €)","Fertiggerichte & Konserven","False","https://img.rewe-static.de/0843202/3735690_digital-image.png"
"ja! Cheeseburger Chicken 2 Stück 320g","ja!","42015505","2.49","320g (1 kg = 7,78 €)","Fertiggerichte & Konserven","False","https://img.rewe-static.de/8851644/37869690_digital-image.png"
"ja! Ananas ganze Scheiben in eigenem Saft 340g","ja!","4337256606172","1.39","340g (1 kg = 4,09 €)","Fertiggerichte & Konserven","False","https://img.rewe-static.de/8548385/32732152_digital-image.png"
"ja! Ravioli Gemüse mit Tomatensauce vegan 800g","ja!","4337256706339","1.69","800g","Fertiggerichte & Konserven","False","https://img.rewe-static.de/7641643/41764743_digital-image.png"
"ja! Erbsen 280g","ja!","4337256450294","0.89","280g (1 kg = 3,18 €)","Fertiggerichte & Konserven","False","https://img.rewe-static.de/5915384/24609886_digital-image.png"
"ja! Linseneintopf mit Schweinefleisch 800g","ja!","4337256529174","1.89","800g (1 kg = 2,36 €)","Fertiggerichte & Konserven","False","https://img.rewe-static.de/0570611/24081807_digital-image.png"
"ja! Sushi Box Ikaro XL MSC ASC 455g","ja!","4337256822121","6.49","455g","Fertiggerichte & Konserven","False","https://img.rewe-static.de/7670617/40986966_digital-image.png"
"ja! Rote Paprika in Streifen 165g","ja!","4337256472074","0.99","165g (1 kg = 6 €)","Fertiggerichte & Konserven","False","https://img.rewe-static.de/8705451/38308819_digital-image.png"
"ja! Silberzwiebeln 190g","ja!","4337256675277","0.99","190g (1 kg = 5,21 €)","Fertiggerichte & Konserven","False","https://img.rewe-static.de/8705859/39251912_digital-image.png"
"ja! Fruchtcocktail 4x70g","ja!","4337256726764","1.89","280g (1 kg = 6,75 €)","Fertiggerichte & Konserven","False","https://img.rewe-static.de/1203693/24642242_digital-image.png"
"ja! Weisse Bohnen mit Suppengrün 530g","ja!","4337256405805","1.19","530g (1 kg = 2,25 €)","Fertiggerichte & Konserven","False","https://img.rewe-static.de/7817127/35600986_digital-image.png"
"ja! Cornichons mit Honig 350g","ja!","4337256644471","0.99","190g (1 kg = 5,21 €)","Fertiggerichte & Konserven","False","https://img.rewe-static.de/8750660/35532477_digital-image.png"
"ja! Gurkensticks 360g","ja!","4337256657839","1.49","360g (1 kg = 4,14 €)","Fertiggerichte & Konserven","False","https://img.rewe-static.de/1010880/24681590_digital-image.png"
"ja! Bratheringsfilets in würziger Marinade MSC 200g","ja!","4337256190053","1.89","200g (1 kg = 9,45 €)","Fertiggerichte & Konserven","False","https://img.rewe-static.de/7941645/32732100_digital-image.png"
"ja! Thunfischfilets in eigenem Saft geschnitten 150g","ja!","4388844139992","1.39","150g (1 kg = 9,27 €)","Fertiggerichte & Konserven","False","https://img.rewe-static.de/2063277/22362502_digital-image.png"
"ja! Heringsfilets geteilt in Tomatensauce 200g","ja!","4337256280877","1.09","200g (1 kg = 5,45 €)","Fertiggerichte & Konserven","False","https://img.rewe-static.de/0120585/3369630_digital-image.png"
"ja! Prinzessbohnen fein 220g","ja!","4337256665308","1.19","220g (1 kg = 5,41 €)","Fertiggerichte & Konserven","False","https://img.rewe-static.de/0726886/24609418_digital-image.png"
"ja! Fix für Gulasch 40g","ja!","4337256575430","0.35","40g (1 kg = 8,75 €)","Fertiggerichte & Konserven","False","https://img.rewe-static.de/0886680/24110343_digital-image.png"
"ja! Putengeschnetzeltes mit Spätzle und Gemüse 480g","ja!","4337256528979","2.29","480g (1 kg = 4,77 €)","Fertiggerichte & Konserven","False","https://img.rewe-static.de/2424540/24394631_digital-image.png"
"ja! Schlemmergulasch in Sauce mit Nudeln und Gemüse 480g","ja!","4337256529600","2.29","480g (1 kg = 4,77 €)","Fertiggerichte & Konserven","False","https://img.rewe-static.de/8499439/32285149_digital-image.png"
"ja! Cevapcici mit Gemüse und Reis 300g","ja!","4337256589024","1.99","300g (1 kg = 6,63 €)","Fertiggerichte & Konserven","False","https://img.rewe-static.de/6697100/3780050_digital-image.png"
"ja! Gulaschsuppe 400ml","ja!","4337256527385","1.79","400ml (1 l = 4,48 €)","Fertiggerichte & Konserven","False","https://img.rewe-static.de/1205219/25452900_digital-image.png"
"ja! Backfertiger Pizzateig mit Sauce 600g","ja!","4337256245890","1.99","600g (1 kg = 3,32 €)","Fertiggerichte & Konserven","False","https://img.rewe-static.de/2236174/23232277_digital-image.png"
"ja! Kräuterbutter-Baguette 175g","ja!","4337256774505","0.99","175g (1 kg = 5,66 €)","Fertiggerichte & Konserven","False","https://img.rewe-static.de/6714161/3322610_digital-image.png"
"ja! Karottensalat fein geraspelt 190g","ja!","4337256664769","0.79","190g (1 kg = 4,16 €)","Fertiggerichte & Konserven","False","https://img.rewe-static.de/7825847/38586884_digital-image.png"
"ja! Stangenspargel 205g","ja!","4337256463171","1.79","205g (1 kg = 8,73 €)","Fertiggerichte & Konserven","False","https://img.rewe-static.de/0585106/24612954_digital-image.png"
"ja! Kokosmilch 400g","ja!","4337256652858","0.99","400g (1 l = 2,48 €)","Fertiggerichte & Konserven","False","https://img.rewe-static.de/7738173/38411172_digital-image.png"
"ja! Hühnerfrikassee mit Gemüse und Reis 400g","ja!","4337256352536","2.69","400g (1 kg = 6,73 €)","Fertiggerichte & Konserven","False","https://img.rewe-static.de/7163813/27269667_digital-image.png"
"ja! Klare Rinderbrühe im Glas 140g","ja!","4337256752947","0.99","140g (1 kg = 7,07 €)","Fertiggerichte & Konserven","False","https://img.rewe-static.de/7033243/26853756_digital-image.png"
"ja! Wachsbrechbohnen mittelfein 360g","ja!","4337256472647","0.99","360g (1 kg = 2,75 €)","Fertiggerichte & Konserven","False","https://img.rewe-static.de/7264842/27934427_digital-image.png"
"ja! Croissants 340g","ja!","4337256091183","1.59","340g (1 kg = 4,68 €)","Fertiggerichte & Konserven","False","https://img.rewe-static.de/8475479/32721452_digital-image.png"
"ja! Pizza Teig XXL 550g","ja!","4337256244855","1.49","550g (1 kg = 2,71 €)","Fertiggerichte & Konserven","False","https://img.rewe-static.de/8623800/33549325_digital-image.png"
"ja! Erbsen extra fein & Möhren sehr fein 530g","ja!","4337256458375","1.69","530g (1 kg = 3,19 €)","Fertiggerichte & Konserven","False","https://img.rewe-static.de/0698894/7696730_digital-image.png"
"ja! Tortelloni Ricotta Spinat 250g","ja!","4337256540339","0.99","250g (1 kg = 3,96 €)","Fertiggerichte & Konserven","False","https://img.rewe-static.de/2272449/31032434_digital-image.png"
"ja! Mandarin-Orangen 175g","ja!","4337256584685","0.89","175g (1 kg = 5,09 €)","Fertiggerichte & Konserven","False","https://img.rewe-static.de/7011210/24349168_digital-image.png"
"ja! Kichererbsen 265g","ja!","4337256554466","0.59","265g (1 kg = 2,23 €)","Fertiggerichte & Konserven","False","https://img.rewe-static.de/7814109/35699798_digital-image.png"
"ja! Grüne Peperoni gefüllt 150g","ja!","4337256419871","1.99","150g (1 kg = 13,27 €)","Fertiggerichte & Konserven","False","https://img.rewe-static.de/8015460/31031748_digital-image.png"
"ja! Frische Eierspätzle 500g","ja!","4337256342162","1.79","500g (1 kg = 3,58 €)","Fertiggerichte & Konserven","False","https://img.rewe-static.de/2411378/24450178_digital-image.png"
"ja! Erbseneintopf mit Rauchspeck 800g","ja!","4337256521246","1.69","800g (1 kg = 2,11 €)","Fertiggerichte & Konserven","False","https://img.rewe-static.de/0570608/24075844_digital-image.png"
"ja! Gulaschtopf mit Nudeln 800g","ja!","4337256499071","2.99","800g (1 kg = 3,74 €)","Fertiggerichte & Konserven","False","https://img.rewe-static.de/7755784/37479679_digital-image.png"
"ja! Hühnernudeltopf 800g","ja!","4337256806497","1.89","800g (1 kg = 2,36 €)","Fertiggerichte & Konserven","False","https://img.rewe-static.de/0570612/24081670_digital-image.png"
"ja! Thai-Suppe 400ml","ja!","4337256543972","1.39","400ml (1 l = 3,48 €)","Fertiggerichte & Konserven","False","https://img.rewe-static.de/1979570/25723851_digital-image.png"
"ja! Bacon-Ei Sandwich 160g","ja!","4337256297745","1.99","160g (1 kg = 12,44 €)","Fertiggerichte & Konserven","False","https://img.rewe-static.de/7878218/33951249_digital-image.png"
"ja! Sandwich Trio Pute Käse Ei 220g","ja!","4337256557856","2.19","220g (1 kg = 9,95 €)","Fertiggerichte & Konserven","False","https://img.rewe-static.de/8868949/38936119_digital-image.png"
"ja! Cornichons süß-sauer 370g","ja!","4337256250542","1.49","370g (1 kg = 4,03 €)","Fertiggerichte & Konserven","False","https://img.rewe-static.de/0342931/24693077_digital-image.png"
"ja! Pita Roll Tex Mex Beef 210g","ja!","4337256851312","2.29","210g","Fertiggerichte & Konserven","False","https://img.rewe-static.de/7569202/45057666_digital-image.png"
"ja! Wild-Preiselbeeren 400g","ja!","4337256384452","1.69","390g (1 kg = 4,23 €)","Fertiggerichte & Konserven","False","https://img.rewe-static.de/1410799/24416806_digital-image.png"
"ja! Champignons dritte Wahl geschnitten 170g","ja!","4337256421119","0.79","170g (1 kg = 4,65 €)","Fertiggerichte & Konserven","False","https://img.rewe-static.de/2871971/24640712_digital-image.png"
"ja! Thunfisch mit Gemüse in Dressing 150g","ja!","4337256789165","1.29","150g (1 kg = 8,60 €)","Fertiggerichte & Konserven","False","https://img.rewe-static.de/8496746/32815239_digital-image.png"
"ja! Kokosmilch fettreduziert 400g","ja!","4337256650465","0.99","400ml","Fertiggerichte & Konserven","False","https://img.rewe-static.de/8946011/40362197_digital-image.png"
"ja! Kirsch Grütze 500g","ja!","4337256655330","1.99","500g (1 kg = 3,98 €)","Fertiggerichte & Konserven","False","https://img.rewe-static.de/8725350/34995045_digital-image.png"
"ja! Nudeltopf in Rahmsauce 63g","ja!","4337256367141","0.89","63g (1 kg = 14,13 €)","Fertiggerichte & Konserven","False","https://img.rewe-static.de/8726700/35547687_digital-image.png"
"ja! Sonntagsbrötchen 330g, 6 Stück","ja!","4337256102940","1.59","330g (1 kg = 4,82 €)","Fertiggerichte & Konserven","False","https://img.rewe-static.de/8472969/32491200_digital-image.png"
"ja! Ananasstücke in eigenem Saft 340g","ja!","4337256767668","1.39","340g (1 kg = 4,09 €)","Fertiggerichte & Konserven","False","https://img.rewe-static.de/8554014/32853548_digital-image.png"
"ja! Brechbohnen 360g","ja!","4337256467100","1.19","360g (1 kg = 3,31 €)","Fertiggerichte & Konserven","False","https://img.rewe-static.de/7264938/27934430_digital-image.png"
"ja! Weinsauerkraut 500g","ja!","4337256667302","0.79","500g (1 kg = 1,58 €)","Fertiggerichte & Konserven","False","https://img.rewe-static.de/3820076/24709964_digital-image.png"
"ja! Krautsalat mit grüner Paprika 1kg","ja!","4337256579049","2.49","1000g","Fertiggerichte & Konserven","False","https://img.rewe-static.de/0277701/23901835_digital-image.png"
"ja! Champignons 1. Wahl 230g","ja!","4337256634489","1.39","230g (1 kg = 6,04 €)","Fertiggerichte & Konserven","False","https://img.rewe-static.de/2871874/24640698_digital-image.png"
"ja! Erbsen extra fein mit Möhren sehr fein 3x200g","ja!","4337256665896","1.59","3x390g (1 kg = 4,08 €)","Fertiggerichte & Konserven","False","https://img.rewe-static.de/7253876/27934421_digital-image.png"
"ja! Nudeln in Käse-Sahne-Sauce 71g","ja!","4337256784245","0.89","71g","Fertiggerichte & Konserven","False","https://img.rewe-static.de/7546630/42229039_digital-image.png"
"ja! Kartoffelpüree mit Röstzwiebeln und Croûtons 59g","ja!","4337256364034","0.89","59g (1 kg = 15,08 €)","Fertiggerichte & Konserven","False","https://img.rewe-static.de/7848693/35600939_digital-image.png"
"ja! Kartoffelgratin in Käse-Sahnesauce 400g","ja!","4337256781978","1.49","400g","Fertiggerichte & Konserven","False","https://img.rewe-static.de/7603127/43352633_digital-image.png"
"ja! Fix Saucenpulver für Spaghetti Bolognese oder Lasagne 45g","ja!","4337256580014","0.35","45g (1 kg = 7,78 €)","Fertiggerichte & Konserven","False","https://img.rewe-static.de/7033363/27187172_digital-image.png"
"ja! Gulaschtopf mit Nudeln 61g","ja!","4337256366410","0.89","61g (1 kg = 14,59 €)","Fertiggerichte & Konserven","False","https://img.rewe-static.de/7850206/35547682_digital-image.png"
"ja! Sushi Box Mizu ASC 195g","ja!","42016151","2.99","195g","Fertiggerichte & Konserven","False","https://img.rewe-static.de/7878048/33631230_digital-image.png"
"ja! Thunfisch Wrap MSC 190g","ja!","4337256292405","1.99","190g (1 kg = 10,47 €)","Fertiggerichte & Konserven","False","https://img.rewe-static.de/7881039/33631213_digital-image.png"
"ja! Kartoffeltopf mit Würstchen 800g","ja!","4337256538039","2.29","800g (1 kg = 2,86 €)","Fertiggerichte & Konserven","False","https://img.rewe-static.de/2270576/24082558_digital-image.png"
"ja! Currywurst 220g","ja!","4337256415293","1.79","220g (1 kg = 8,14 €)","Fertiggerichte & Konserven","False","https://img.rewe-static.de/2538615/24640825_digital-image.png"
"ja! Salami-Käse Sandwich 185g","ja!","4337256297820","1.99","185g (1 kg = 10,76 €)","Fertiggerichte & Konserven","False","https://img.rewe-static.de/8625024/33631200_digital-image.png"
"ja! Kartoffelsalat mit Creme Fraiche 1000g","ja!","4337256566056","2.49","1000g","Fertiggerichte & Konserven","False","https://img.rewe-static.de/8405912/31025803_digital-image.png"
"ja! Selleriesalat fein geraspelt 190g","ja!","4337256670630","0.79","190g (1 kg = 4,16 €)","Fertiggerichte & Konserven","False","https://img.rewe-static.de/7825246/38591986_digital-image.png"
"ja! Nudelsalat 1kg","ja!","4337256651707","2.49","1000g","Fertiggerichte & Konserven","False","https://img.rewe-static.de/8953446/40587756_digital-image.png"
"ja! Fleischbällchen-Topf 800g","ja!","4337256578691","2.99","800g (1 kg = 3,74 €)","Fertiggerichte & Konserven","False","https://img.rewe-static.de/8888131/38473965_digital-image.png"
"ja! Champignons 1. Wahl in Scheiben 170g","ja!","4337256543774","0.99","170g (1 kg = 5,82 €)","Fertiggerichte & Konserven","False","https://img.rewe-static.de/0923266/24642241_digital-image.png"
"ja! Erbsen sehr fein mit Möhren sehr fein 265g","ja!","4337256854443","0.89","265g (1 kg = 3,36 €)","Fertiggerichte & Konserven","False","https://img.rewe-static.de/8335038/29922278_digital-image.png"
"ja! Bockwürstchen in zarter Eigenhaut 360g, 8 Stück","ja!","4337256470629","3.29","360g (1 kg = 9,14 €)","Fertiggerichte & Konserven","False","https://img.rewe-static.de/6195873/2320120_digital-image.png"
"Wilhelm Brandenburg Hähnchen-Brustfilet Teilstück 2 Stück","Wilhelm Brandenburg","2183320000009","5.22","1 Stück ca. 350 g (1 kg = 14,90 €)","Fleisch & Fisch","False","https://img.rewe-static.de/8508872/35606182_digital-image.png"
"Herta Finesse Hähnchenbrust ofengebacken 100g","Herta","4000582370597","2.49","100g (1 kg = 24,90 €)","Fleisch & Fisch","False","https://img.rewe-static.de/2327613/43797442_digital-image.png"
"Gutfried Hähnchen-Lyoner Buffet 80g","Gutfried","4003171031244","1.49","80g (1 kg = 18,63 €)","Fleisch & Fisch","False","https://img.rewe-static.de/2643912/28019860_digital-image.png"
"Reinert Bärchen Schla-Wiener 180g, 6 Stück","Reinert","4006229019041","2.39","180g (1 kg = 13,28 €)","Fleisch & Fisch","False","https://img.rewe-static.de/2237410/23473383_digital-image.png"
"Wilhelm Brandenburg Hähnchen-Geschnetzeltes 400g","Wilhelm Brandenburg","4337256156837","5.99","400g (1 kg = 14,98 €)","Fleisch & Fisch","False","https://img.rewe-static.de/7952723/35606203_digital-image.png"
"Einfach Bio Hackfleisch gemischt 400g","NA","4019474615159","4.99","400g (1 kg = 12,48 €)","Fleisch & Fisch","False","https://img.rewe-static.de/7996971/31557098_digital-image.png"
"Wilhelm Brandenburg Hähnchensalami 80g","Wilhelm Brandenburg","4337256274968","1.89","80g (1 kg = 23,63 €)","Fleisch & Fisch","False","https://img.rewe-static.de/2858277/25623634_digital-image.png"
"Kamar Parmak Sucuk 200g","NA","4008460243056","2.99","200g (1 kg = 14,95 €)","Fleisch & Fisch","False","https://img.rewe-static.de/8327452/30156810_digital-image.png"
"Wilhelm Brandenburg Geflügelaufschnitt 3-fach 100g","Wilhelm Brandenburg","4337256333825","1.99","100g (1 kg = 19,90 €)","Fleisch & Fisch","False","https://img.rewe-static.de/1184103/15669620_digital-image.png"
"Reinert Bärchen Geflügelwurst 115g","NA","4006229028159","2.39","115g (1 kg = 20,78 €)","Fleisch & Fisch","False","https://img.rewe-static.de/8405542/41483365_digital-image.png"
"Rügenwalder Mühle Mühlen-Schinken zart 100g","Rügenwalder Mühle","4000405002742","2.29","100g (1 kg = 22,90 €)","Fleisch & Fisch","False","https://img.rewe-static.de/5678498/1143560_digital-image.png"
"Rügenwalder Mühlen Mett Schinkenzwiebelmettwurst 100g","Rügenwalder Mühle","4000405003145","1.99","100g (1 kg = 19,90 €)","Fleisch & Fisch","False","https://img.rewe-static.de/7027274/26388305_digital-image.png"
"Rügenwalder Mühle Rügenwalder Teewurst fein 125g","Rügenwalder Mühle","4000405003411","1.39","125g (1 kg = 11,12 €)","Fleisch & Fisch","True","https://img.rewe-static.de/2722550/1592180_digital-image.png"
"Wilhelm Brandenburg Rinderhackfleisch 500g","Wilhelm Brandenburg","4019474611793","5.48","500g (1 kg = 10,96 €)","Fleisch & Fisch","True","https://img.rewe-static.de/2969360/30831080_digital-image.png"
"Wiesenhof Geflügel-Mortadella 100g","Wiesenhof","4019467470703","1.49","100g (1 kg = 14,90 €)","Fleisch & Fisch","False","https://img.rewe-static.de/0755656/43948383_digital-image.png"
"Wilhelm Brandenburg Kasseler-Minuten-Lachs Roh 400g","Wilhelm Brandenburg","4388844169388","5.55","400g (1 kg = 13,88 €)","Fleisch & Fisch","False","https://img.rewe-static.de/2314818/24351562_digital-image.png"
"REWE Beste Wahl Leicht-Rohschinken 150g, 3 Stück","REWE Beste Wahl","4337256577588","2.59","3x50g (1 kg = 17,27 €)","Fleisch & Fisch","False","https://img.rewe-static.de/0296889/30447216_digital-image.png"
"Aoste Stickado High Protein Hähnchen 60g","Aoste","3449865384769","2.49","60g (1 kg = 41,50 €)","Fleisch & Fisch","False","https://img.rewe-static.de/7596190/41020128_digital-image.png"
"Rügenwalder Mühle Abenteuer Mortadella Vegan 80g","Rügenwalder Mühle","4000405002834","1.59","80g (1 kg = 19,88 €)","Fleisch & Fisch","False","https://img.rewe-static.de/7585545/43105156_digital-image.png"
"Schweinefilet","NA","2320100000006","7.95","1 Stück ca. 500 g (1 kg = 15,90 €)","Fleisch & Fisch","False","https://img.rewe-static.de/3468046/22257857_digital-image.png"
"Mein Lieblings Graved Lachs ASC 90g","NA","4006451000220","4.29","90g (1 kg = 47,67 €)","Fleisch & Fisch","False","https://img.rewe-static.de/8385260/30003696_digital-image.png"
"Wiesenhof Hähnchen Grillgenuss 80g","Wiesenhof","4019467437904","1.49","80g (1 kg = 18,63 €)","Fleisch & Fisch","False","https://img.rewe-static.de/3033957/43948549_digital-image.png"
"Timmendorfer Landmettwurst","NA","2277420000004","1.99","1 Stück ca. 100 g (1 kg = 19,90 €)","Fleisch & Fisch","False","https://img.rewe-static.de/9002724/43817075_digital-image.png"
"REWE Bio Bacon 100g","REWE Bio","4337256676427","1.99","100g (1 kg = 19,90 €)","Fleisch & Fisch","False","https://img.rewe-static.de/7606570/41065350_digital-image.png"
"Gosch Lister Heringstopf 150g","Gosch","4009457783791","2.29","150g (1 kg = 15,27 €)","Fleisch & Fisch","False","https://img.rewe-static.de/1239256/15814970_digital-image.png"
"Wiltmann Pfeffersalami 80g","Wiltmann","4001956211973","1.99","80g (1 kg = 24,88 €)","Fleisch & Fisch","False","https://img.rewe-static.de/8508860/932260_digital-image.png"
"Wilhelm Brandenburg Rinderhackfleisch 250g","Wilhelm Brandenburg","4019474612011","2.74","250g (1 kg = 10,96 €)","Fleisch & Fisch","True","https://img.rewe-static.de/2969246/33473804_digital-image.png"
"REWE Bio + vegan Räucher-Tofu 2x175g","REWE Bio","4337256250122","2.19","2x175g (1 kg = 6,26 €)","Fleisch & Fisch","False","https://img.rewe-static.de/8583362/33782951_digital-image.png"
"Rügenwalder Mühle Veganer Schinken Spicker mit Grillgemüse 80g","Rügenwalder Mühle","4000405004593","1.59","80g (1 kg = 19,88 €)","Fleisch & Fisch","False","https://img.rewe-static.de/8139443/28792969_digital-image.png"
"REWE Beste Wahl Rügenwalder Teewurst fein zerkleinert 125g","REWE Beste Wahl","4337256648776","1.99","125g (1 kg = 15,92 €)","Fleisch & Fisch","False","https://img.rewe-static.de/0350593/22927411_digital-image.png"
"Wilhelm Brandenburg Hähnchen-Minutenschnitzel 400g","Wilhelm Brandenburg","4337256163026","5.55","400g (1 kg = 13,88 €)","Fleisch & Fisch","True","https://img.rewe-static.de/7952505/35606256_digital-image.png"
"Herta Chicken Sweet Chili Style 100g","Herta","4000582188093","2.49","100g (1 kg = 24,90 €)","Fleisch & Fisch","False","https://img.rewe-static.de/9035676/43797415_digital-image.png"
"Yayla Sucuk Salami 80g","Yayla","4027394005059","1.89","80g (1 kg = 23,63 €)","Fleisch & Fisch","False","https://img.rewe-static.de/1070308/31545431_digital-image.png"
"Popp Schinken-Lauchsalat 200g","Popp","4045800770889","2.19","200g (1 kg = 10,95 €)","Fleisch & Fisch","False","https://img.rewe-static.de/1206843/21270920_digital-image.png"
"Du darfst Feine Kalbfleisch-Leberwurst 100g","Du darfst","4063762546168","1.59","100g (1 kg = 15,90 €)","Fleisch & Fisch","False","https://img.rewe-static.de/2279206/23238287_digital-image.png"
"REWE Bio Pfeffersalami 70g","REWE Bio","4337256196123","1.89","70g (1 kg = 27 €)","Fleisch & Fisch","False","https://img.rewe-static.de/7055254/27058110_digital-image.png"
"REWE Beste Wahl Graved Lachs mit Dill-Rand 2x50g","REWE Beste Wahl","4337256559270","3.59","2x50g (1 kg = 35,90 €)","Fleisch & Fisch","False","https://img.rewe-static.de/8689635/35547771_digital-image.png"
"Nordsee Matjesfilets Sylter Sauce 150g","Nordsee","4030800069811","3.69","150g (1 kg = 24,60 €)","Fleisch & Fisch","False","https://img.rewe-static.de/8664556/34099106_digital-image.png"
"Zimmermann Münchner Weißwürste 5x60g","Zimmermann","4006153116007","3.39","5x60g (1 kg = 11,30 €)","Fleisch & Fisch","False","https://img.rewe-static.de/7713371/3484470_digital-image.png"
"REWE Regional Delikatess Mettwurst geräuchert fein 80g","REWE Regional","4337256272971","1.99","80g (1 kg = 24,88 €)","Fleisch & Fisch","False","https://img.rewe-static.de/8037004/30373061_digital-image.png"
"Schweine Kotelett am Stiel","NA","28024651","1.54","1 Stück ca. 200 g (1 kg = 7,70 €)","Fleisch & Fisch","True","https://img.rewe-static.de/8093796/29868677_digital-image.png"
"Wiesenhof Bruzzzler 400g","Wiesenhof","4019467467000","4.89","5x80g (1 kg = 12,23 €)","Fleisch & Fisch","False","https://img.rewe-static.de/5104602/718600_digital-image.png"
"Gmyrek Oberschlesische Frankfurter","Gmyrek","4004787055211","1.91","1 Stück ca. 80 g (1 kg = 23,90 €)","Fleisch & Fisch","False","https://img.rewe-static.de/4970349/1127410_digital-image.png"
"REWE Bio Bacon-Würfel Schwein 80g","REWE Bio","4337256211727","1.59","80g (1 kg = 19,88 €)","Fleisch & Fisch","False","https://img.rewe-static.de/8254461/29093184_digital-image.png"
"Popp Brotaufstrich Geflügelsalat 150g","Popp","4045800229264","1.79","150g (1 kg = 11,93 €)","Fleisch & Fisch","False","https://img.rewe-static.de/3921654/6343510_digital-image.png"
"Popp Brotaufstrich Thunfischsalat 150g","Popp","4045800571264","1.79","150g (1 kg = 11,93 €)","Fleisch & Fisch","False","https://img.rewe-static.de/3921573/2542480_digital-image.png"
"Wiltmann Feinschmecker-Salami 80g","Wiltmann","4001956211270","1.99","80g (1 kg = 24,88 €)","Fleisch & Fisch","False","https://img.rewe-static.de/4240936/6554940_digital-image.png"
"Reinert Schinken Nuggetz 3x50g","Reinert","4006229690219","2.99","150g (1 kg = 19,93 €)","Fleisch & Fisch","False","https://img.rewe-static.de/4277902/2343970_digital-image.png"
"Schulte Salamitaler mit Pfeffer","Schulte","2101260000002","2.79","1 Stück ca. 100 g (1 kg = 27,90 €)","Fleisch & Fisch","False","https://img.rewe-static.de/0128398/656890_digital-image.png"
"REWE Beste Wahl Teewurst grob 125g","REWE Beste Wahl","4337256639408","1.99","125g (1 kg = 15,92 €)","Fleisch & Fisch","False","https://img.rewe-static.de/1020055/22927415_digital-image.png"
"Deutsche See Lachsfilet 250g","Deutsche See","4009239512298","4.99","250g (1 kg = 19,96 €)","Fleisch & Fisch","True","https://img.rewe-static.de/8437260/30793152_digital-image.png"
"Feinkost Popp Brotaufstrich Geflügel Dattel-Curry 150g","Popp","4045800402322","1.79","150g (1 kg = 11,93 €)","Fleisch & Fisch","False","https://img.rewe-static.de/9947823/45774209_digital-image.png"
"Timmendorfer Bauernmettwurst","NA","2265020000005","1.79","1 Stück ca. 100 g (1 kg = 17,90 €)","Fleisch & Fisch","True","https://img.rewe-static.de/9095130/42458962_digital-image.png"
"Einfach Bio Rinder-Hackfleisch 400g","NA","4019474615166","5.29","400g (1 kg = 13,23 €)","Fleisch & Fisch","False","https://img.rewe-static.de/7996674/31557103_digital-image.png"
"Herta Finesse Schinken hauchzart und feinwürzig 100g","Herta","4000582185290","2.49","100g (1 kg = 24,90 €)","Fleisch & Fisch","False","https://img.rewe-static.de/2327516/32141101_digital-image.png"
"Wilhelm Brandenburg Hackfleisch gemischt 250g","Wilhelm Brandenburg","4019474612073","2.75","250g (1 kg = 11 €)","Fleisch & Fisch","False","https://img.rewe-static.de/2971127/12383270_digital-image.png"
"Wiltmann Geflügel-Salami light 50g","Wiltmann","4001956218811","1.39","50g (1 kg = 27,80 €)","Fleisch & Fisch","False","https://img.rewe-static.de/0699236/22520703_digital-image.png"
"REWE Bio Hähnchen-Lyoner70g","REWE Bio","4337256210119","1.39","70g (1 kg = 19,86 €)","Fleisch & Fisch","False","https://img.rewe-static.de/8397625/31025935_digital-image.png"
"Wilhelm Brandenburg Gekochter Hinterschinken 100g","Wilhelm Brandenburg","4337256269919","1.99","100g (1 kg = 19,90 €)","Fleisch & Fisch","False","https://img.rewe-static.de/0489032/24622986_digital-image.png"
"Rinderhackfleisch","NA","2270420000005","1.1","1 Stück ca. 100 g (1 kg = 10,96 €)","Fleisch & Fisch","True","https://img.rewe-static.de/9033275/43814730_digital-image.png"
"Wiltmann Geflügelsalami 80g","Wiltmann","4001956215827","1.99","80g (1 kg = 24,88 €)","Fleisch & Fisch","False","https://img.rewe-static.de/4241002/14513830_digital-image.png"
"Reinert Bärchenwurst Mortadella 115g","Reinert","4006229015579","2.39","115g (1 kg = 20,78 €)","Fleisch & Fisch","False","https://img.rewe-static.de/1435974/20680757_digital-image.png"
"REWE Bio Bierschinken 70g","REWE Bio","4337256210645","1.69","70g (1 kg = 24,14 €)","Fleisch & Fisch","False","https://img.rewe-static.de/0204047/2764580_digital-image.png"
"Wilhelm Brandenburg Farmerschinken 100g","Wilhelm Brandenburg","4337256269520","1.79","100g (1 kg = 17,90 €)","Fleisch & Fisch","True","https://img.rewe-static.de/0072105/32171491_digital-image.png"
"Rügenwalder Mühle Vegane Mühlen Cordon Bleu 200g","Rügenwalder Mühle","4000405005026","3.29","2x100g (1 kg = 16,45 €)","Fleisch & Fisch","False","https://img.rewe-static.de/2363484/23598690_digital-image.png"
"REWE Beste Wahl Delikatess-Lachsschinken 80g","REWE Beste Wahl","4337256270076","2.29","80g (1 kg = 28,63 €)","Fleisch & Fisch","False","https://img.rewe-static.de/0134745/30685190_digital-image.png"
"Wilhelm Brandenburg Hähnchenbrustfilet 100g","Wilhelm Brandenburg","4337256641968","1.99","100g (1 kg = 19,90 €)","Fleisch & Fisch","False","https://img.rewe-static.de/2169985/23475612_digital-image.png"
"Wilhelm Brandenburg Kasselerrückenbraten 100g","Wilhelm Brandenburg","4337256512107","2.39","100g (1 kg = 23,90 €)","Fleisch & Fisch","False","https://img.rewe-static.de/2708542/25060153_digital-image.png"
"Popp Feinster Fleischsalat","Popp","4045800770742","2.99","400g (1 kg = 7,48 €)","Fleisch & Fisch","False","https://img.rewe-static.de/0465282/21627670_digital-image.png"
"REWE Bio Leberwurst mit Kalbfleisch, fein 125g","REWE Bio","4337256205443","1.99","125g (1 kg = 15,92 €)","Fleisch & Fisch","False","https://img.rewe-static.de/8178294/28898096_digital-image.png"
"Kalnik Original Pfälzer Leberwurst 200g","Kalnik","4009238002080","2.19","200g (1 kg = 10,95 €)","Fleisch & Fisch","False","https://img.rewe-static.de/8014990/1429240_digital-image.png"
"Popp Fleischsalat 3x40g","Popp","4045800213386","1.89","3x40g (1 kg = 15,75 €)","Fleisch & Fisch","False","https://img.rewe-static.de/2249672/23018086_digital-image.png"
"Herta Finesse Hähnchenbrust hauchzart und feinwürzig 100g","Herta","4000582370399","2.49","100g (1 kg = 24,90 €)","Fleisch & Fisch","False","https://img.rewe-static.de/2327515/23455169_digital-image.png"
"Aoste Stickado Walnuss Salami Sticks 70g","Aoste","3449851336000","2.49","70g (1 kg = 35,57 €)","Fleisch & Fisch","False","https://img.rewe-static.de/3337227/2187680_digital-image.png"
"REWE Beste Wahl Premium Rindfleischfrikadellen 6x40g, 240g","REWE Beste Wahl","4337256278218","2.99","240g (1 kg = 12,46 €)","Fleisch & Fisch","False","https://img.rewe-static.de/8400502/30959082_digital-image.png"
"Rügenwalder Mühle Mühlen Crispies Brezel vegan 180g","Rügenwalder Mühle","4000405001851","3.29","180g (1 kg = 18,28 €)","Fleisch & Fisch","False","https://img.rewe-static.de/8976227/40640629_digital-image.png"
"Puten-Zwiebelmettwurst","NA","4016434004398","1.39","1 Stück ca. 100 g (1 kg = 13,90 €)","Fleisch & Fisch","True","https://img.rewe-static.de/9099868/43663389_digital-image.png"
"Wilhelm Brandenburg Holsteiner Lotsenwurst 80g","Wilhelm Brandenburg","4337256656054","2.29","80g (1 kg = 28,63 €)","Fleisch & Fisch","False","https://img.rewe-static.de/7033137/26966320_digital-image.png"
"Popp Feinster Fleischsalat 200g","Popp","4045800202250","1.79","200g (1 kg = 8,95 €)","Fleisch & Fisch","False","https://img.rewe-static.de/0567326/2673320_digital-image.png"
"Wilhelm Brandenburg Edelsalami mit Rindfleisch 80g","Wilhelm Brandenburg","4337256646888","2.39","80g (1 kg = 29,88 €)","Fleisch & Fisch","False","https://img.rewe-static.de/8106639/29497925_digital-image.png"
"Hareico Wiener klassisch 4x50g","Hareico","4008262052405","2.79","200g (1 kg = 13,95 €)","Fleisch & Fisch","False","https://img.rewe-static.de/4886615/7388330_digital-image.png"
"Butcher's Burger Wagyu Beef Burger Patties 230g","Butcher's Burger","4337256423090","5.55","230g (1 kg = 24,13 €)","Fleisch & Fisch","True","https://img.rewe-static.de/8736116/35959929_digital-image.png"
"Vivera Veganes Schnitzel Hähnchen-Art 200g","Vivera","8718300875700","2.29","200g (1 kg = 11,45 €)","Fleisch & Fisch","True","https://img.rewe-static.de/8421009/30868859_digital-image.png"
"REWE Regional Rostbratwürstchen 400g","REWE Regional","4337256284738","5.49","400g (1 kg = 13,73 €)","Fleisch & Fisch","False","https://img.rewe-static.de/7298796/28300485_digital-image.png"
"Metten Pfeffersalami Spezial in Scheiben","NA","4008401120255","2.39","1 Stück ca. 100 g (1 kg = 23,90 €)","Fleisch & Fisch","False","https://img.rewe-static.de/2465527/24245744_digital-image.png"
"Reinert Sommerwurst 250g","Reinert","4006229017214","5.29","250g (1 kg = 21,16 €)","Fleisch & Fisch","False","https://img.rewe-static.de/0371068/1373390_digital-image.png"
"Rügenwalder Mühle veganes Mühlen Hack 180g","Rügenwalder Mühle","4000405005217","3.29","180g (1 kg = 18,28 €)","Fleisch & Fisch","False","https://img.rewe-static.de/2583279/24320003_digital-image.png"
"Gutfried Geflügel-Wiener 200g","Gutfried","4003171259075","2.99","200g","Fleisch & Fisch","False","https://img.rewe-static.de/7638969/43365937_digital-image.png"
"Beyond Meat Beyond Burger vegan 226g","Beyond Meat","1230000068017","3.99","226g (1 kg = 17,65 €)","Fleisch & Fisch","False","https://img.rewe-static.de/7815185/35453040_digital-image.png"
"Homann Metzger Budapester Salat 200g","Homann","8710506086096","1.89","200g (1 kg = 9,45 €)","Fleisch & Fisch","False","https://img.rewe-static.de/8695375/34938051_digital-image.png"
"Ponnath Prosciutto Cotto 150g","Ponnath","4000930585048","2.79","150g (1 kg = 18,60 €)","Fleisch & Fisch","False","https://img.rewe-static.de/2231617/23475456_digital-image.png"
"REWE Bio + vegan Tofu Natur 2x200g","REWE Bio","4337256244794","2.19","2x200g (1 kg = 5,48 €)","Fleisch & Fisch","False","https://img.rewe-static.de/7905813/33782965_digital-image.png"
"Wilhelm Brandenburg Ostseeschinken lufgetrocknet","Wilhelm Brandenburg","22747631","1.89","1 Stück ca. 100 g (1 kg = 18,90 €)","Fleisch & Fisch","False","https://img.rewe-static.de/1138559/20307987_digital-image.png"
"REWE Beste Wahl Garnelensalat in Knoblauchsauce 150g","REWE Beste Wahl","4337256648721","2.59","150g (1 kg = 17,27 €)","Fleisch & Fisch","False","https://img.rewe-static.de/8944986/41087122_digital-image.png"
"Walter Popps Veganer Fleischfreisalat 150g","Popp","4045800230475","1.99","150g (1 kg = 13,27 €)","Fleisch & Fisch","False","https://img.rewe-static.de/8688705/34969991_digital-image.png"
"Tulip Pulled Pork Barbeque 550g","Tulip","5707196160192","5.79","550g (1 kg = 10,53 €)","Fleisch & Fisch","False","https://img.rewe-static.de/2161432/22581416_digital-image.png"
"Wilhelm Brandenburg Kaminwurzerl 100g","Wilhelm Brandenburg","4337256596459","2.79","100g (1 kg = 27,90 €)","Fleisch & Fisch","False","https://img.rewe-static.de/0087953/22337455_digital-image.png"
"Mayo Feinkost Heringssalat mit roter Beete 200g","Mayo Feinkost","4009457381027","1.99","200g (1 kg = 9,95 €)","Fleisch & Fisch","False","https://img.rewe-static.de/8406510/29602030_digital-image.png"
"REWE Bio Putenschnitzel ca. 300g","REWE Bio","2161170000004","10.47","1 Stück ca. 300 g (1 kg = 34,90 €)","Fleisch & Fisch","False","https://img.rewe-static.de/1267789/21087765_digital-image.png"
"Rügenwalder Mühle Mühlen-Frikadellen klassisch 165g","Rügenwalder Mühle","4000405002612","1.99","165g (1 kg = 12,06 €)","Fleisch & Fisch","True","https://img.rewe-static.de/1402243/20251340_digital-image.png"
"Drews Kräuterfleischsalat 200g","Drews","4006495739155","2.59","200g (1 kg = 12,95 €)","Fleisch & Fisch","False","https://img.rewe-static.de/1253634/23474042_digital-image.png"
"Rügenwalder Mühle Vegane Teewurst Fein 100g","Rügenwalder Mühle","4000405001394","1.89","100g (1 kg = 18,90 €)","Fleisch & Fisch","False","https://img.rewe-static.de/8613375/33159261_digital-image.png"
"BiFi Veggie Carazza XXL 70g","BiFi","4251097414911","1.59","70g (1 kg = 22,71 €)","Fleisch & Fisch","False","https://img.rewe-static.de/7816998/36085571_digital-image.png"
"Gutfried Veggie-Fleischwurst 200g","Gutfried","4003171036379","2.99","200g (1 kg = 14,95 €)","Fleisch & Fisch","False","https://img.rewe-static.de/2755916/27259590_digital-image.png"
"BiFi Veggie Salami Roll XXL 70g","BiFi","4251097415451","1.59","70g (1 kg = 22,71 €)","Fleisch & Fisch","False","https://img.rewe-static.de/7814088/36086162_digital-image.png"
"REWE Bio Kasseler Minutenbauch 240g","REWE Bio","2117350000005","5.5","1 Stück ca. 240 g (1 kg = 22,90 €)","Fleisch & Fisch","False","https://img.rewe-static.de/2024973/26392501_digital-image.png"
"Valess Vegetarische Schnitzel Gouda 180g","Valess","8710912064725","3.19","180g (1 kg = 17,72 €)","Fleisch & Fisch","False","https://img.rewe-static.de/3227097/26155981_digital-image.png"
"Wilhelm Brandenburg Leberwurst im Glas 200g","Wilhelm Brandenburg","4337256492966","2.79","200g (1 kg = 13,95 €)","Fleisch & Fisch","False","https://img.rewe-static.de/5845009/2087860_digital-image.png"
"Wilhelm Brandenburg Salami-Sticks 100g","Wilhelm Brandenburg","4337256641494","2.99","100g (1 kg = 29,90 €)","Fleisch & Fisch","False","https://img.rewe-static.de/0881065/18219850_digital-image.png"
"Valess Vegetarische Crispy Sticks 160g","Valess","8710912300380","3.19","160g (1 kg = 19,94 €)","Fleisch & Fisch","False","https://img.rewe-static.de/8157573/28744034_digital-image.png"
"Homann Metzger Kräuter Fleischsalat 350g","Homann","8710506083545","2.49","350g (1 kg = 7,11 €)","Fleisch & Fisch","False","https://img.rewe-static.de/8694055/34936976_digital-image.png"
"Gmyrek Curryfleischwurst 3x180g","Gmyrek","4004787029236","5.99","540g (1 kg = 11,09 €)","Fleisch & Fisch","False","https://img.rewe-static.de/7719833/6059780_digital-image.png"
"Steinhaus Krustenbraten in Scheiben","Steinhaus","2249070000000","2.69","1 Stück ca. 100 g (1 kg = 26,90 €)","Fleisch & Fisch","False","https://img.rewe-static.de/5309239/25665340_digital-image.png"
"Valess Crunchy Tenders vegetarisch 160g","Valess","8712800001447","3.19","160g (1 kg = 19,94 €)","Fleisch & Fisch","False","https://img.rewe-static.de/9072952/44094016_digital-image.png"
"Houdek Kabanos Käse 150g","Houdek","4004786017623","2.49","150g (1 kg = 16,60 €)","Fleisch & Fisch","False","https://img.rewe-static.de/0147757/1513960_digital-image.png"
"Wiesbauer Käsewurst gebraten 1A Salami 80g","Wiesbauer","9002668513350","2.39","80g (1 kg = 29,88 €)","Fleisch & Fisch","False","https://img.rewe-static.de/7381000/649650_digital-image.png"
"Ferdi Fuchs Geflügel Mini Würstchen 100g","Ferdi Fuchs","4006639069506","1.59","5x20g (1 kg = 15,90 €)","Fleisch & Fisch","False","https://img.rewe-static.de/7156058/27708734_digital-image.png"
"REWE Feine Welt Kodiak Wildlachs 100g","REWE Feine Welt","4337256718776","4.79","100g (1 kg = 47,90 €)","Fleisch & Fisch","False","https://img.rewe-static.de/7294281/28063233_digital-image.png"
"GOSCH Sylt Morsumer Häppchen 150g","GOSCH Sylt","4009457786624","2.29","150g (1 kg = 15,27 €)","Fleisch & Fisch","False","https://img.rewe-static.de/7880010/33476524_digital-image.png"
"Pick Original Ungarische Salami 250g","Pick","5998003106919","5.49","250g (1 kg = 21,96 €)","Fleisch & Fisch","False","https://img.rewe-static.de/3023060/24992235_digital-image.png"
"REWE Bio Schinkenwurst 100g","REWE Bio","4337256755573","1.45","100g (1 kg = 14,50 €)","Fleisch & Fisch","False","https://img.rewe-static.de/9104010/42309912_digital-image.png"
"Zimbo Schinken Zwiebelmettwurst 120g","Zimbo","4063761540068","1.79","120g (1 kg = 14,92 €)","Fleisch & Fisch","False","https://img.rewe-static.de/0544307/5221300_digital-image.png"
"Schulte Edelsalami mit Rind","Schulte","4002834335842","2.99","1 Stück ca. 100 g (1 kg = 29,90 €)","Fleisch & Fisch","False","https://img.rewe-static.de/8261047/29463337_digital-image.png"
"Rügenwalder Mühle Vegane Mühlen Schnitzel 180g","Rügenwalder Mühle","4000405005002","3.29","2x90g (1 kg = 18,28 €)","Fleisch & Fisch","False","https://img.rewe-static.de/2363478/23598482_digital-image.png"
"El Pozo Fuetec Spanische Salami mit Naturschimmel 170g","El Pozo","8410843079613","3.69","170g (1 kg = 21,71 €)","Fleisch & Fisch","False","https://img.rewe-static.de/9632352/20451244_digital-image.png"
"Wilhelm Brandenburg Schinkenspeck 100g","Wilhelm Brandenburg","4337256411271","1.99","100g (1 kg = 19,90 €)","Fleisch & Fisch","False","https://img.rewe-static.de/0489052/8697630_digital-image.png"
"Butchers Burger Beef 230g","Butcher's Burger","4337256302302","3.99","230g (1 kg = 17,35 €)","Fleisch & Fisch","False","https://img.rewe-static.de/8635018/34451609_digital-image.png"
"Rügenwalder Mühle Veganer Schinken Spicker Mortadella 80g","Rügenwalder Mühle","4000405004968","1.59","80g (1 kg = 19,88 €)","Fleisch & Fisch","False","https://img.rewe-static.de/7785273/35912579_digital-image.png"
"Wiltmann Hähnchenbrustfilet mit Chili süß-sauer 50g","Wiltmann","4001956451119","1.19","50g (1 kg = 23,80 €)","Fleisch & Fisch","False","https://img.rewe-static.de/0987710/8162330_digital-image.png"
"REWE Bio Nackenscheiben 200g","REWE Bio","2101540000005","4.98","1 Stück ca. 200 g (1 kg = 24,90 €)","Fleisch & Fisch","False","https://img.rewe-static.de/2024958/23576800_digital-image.png"
"Zwiebelmettwurst 150g","NA","4002049027525","2.99","150g (1 kg = 19,93 €)","Fleisch & Fisch","False","https://img.rewe-static.de/0073578/8676030_digital-image.png"
"Gyros-Pfanne vom Schwein","NA","2777530000005","1.49","1 Stück ca. 100 g (1 kg = 14,90 €)","Fleisch & Fisch","False","https://img.rewe-static.de/0504387/22177782_digital-image.png"
"Rügenwalder Mühle Pommersche Gutsleberwurst 100% Geflügel 125g","Rügenwalder Mühle","4000405002070","1.39","125g (1 kg = 11,12 €)","Fleisch & Fisch","True","https://img.rewe-static.de/0933736/8109260_digital-image.png"
"Wilhelm Brandenburg Rindfleischsalami 80g","Wilhelm Brandenburg","4337256512251","2.59","80g (1 kg = 32,38 €)","Fleisch & Fisch","False","https://img.rewe-static.de/2300650/23736108_digital-image.png"
"Billie Green Vegane Salami Baguette Style 70g","Billie Green","4099498000063","1.69","70g (1 kg = 24,14 €)","Fleisch & Fisch","False","https://img.rewe-static.de/8947946/39350549_digital-image.png"
"Wiesenhof Geflügel Jagdwurst 100g","Wiesenhof","4019467470604","1.49","100g (1 kg = 14,90 €)","Fleisch & Fisch","False","https://img.rewe-static.de/0755583/43948451_digital-image.png"
"Rinderrouladen vom Jungbullen","NA","2286300000003","3.6","1 Stück ca. 250 g (1 kg = 14,40 €)","Fleisch & Fisch","True","https://img.rewe-static.de/0729011/15969820_digital-image.png"
"REWE Beste Wahl Baguette Salami 100g","REWE Beste Wahl","4337256728850","2.29","100g","Fleisch & Fisch","False","https://img.rewe-static.de/7625801/42185359_digital-image.png"
"Meica Mini Wini Singles extra zart 260g","Meica","4000503121802","4.49","260g (1 kg = 17,27 €)","Fleisch & Fisch","False","https://img.rewe-static.de/7201788/9686110_digital-image.png"
"Wilhelm Brandenburg Tyrolini würzig 90g","Wilhelm Brandenburg","4337256192019","2.59","90g (1 kg = 28,78 €)","Fleisch & Fisch","False","https://img.rewe-static.de/8532995/33479818_digital-image.png"
"Gutfried Puten-Salami 80g","Gutfried","4003171021290","1.69","80g (1 kg = 21,13 €)","Fleisch & Fisch","False","https://img.rewe-static.de/7202901/27484155_digital-image.png"
"Original Kaisersülze 100g","NA","4260075140292","2.49","1 Stück ca. 100 g (1 kg = 24,90 €)","Fleisch & Fisch","False","https://img.rewe-static.de/1186476/11783150_digital-image.png"
"Heidemetzger Frühstücksmettwurst 150g","Heidemetzger","4004787051916","2.59","150g (1 kg = 17,27 €)","Fleisch & Fisch","False","https://img.rewe-static.de/7950452/32220692_digital-image.png"
"Filetsteak vom Jungbullen","NA","2705700000005","11.98","1 Stück ca. 200 g (1 kg = 59,90 €)","Fleisch & Fisch","False","https://img.rewe-static.de/0729032/24964998_digital-image.png"
"Schulte Gürkensülze mit Zucker","Schulte","4016357112309","1.49","1 Stück ca. 100 g (1 kg = 14,90 €)","Fleisch & Fisch","False","https://img.rewe-static.de/8907231/38916585_digital-image.png"
"Wilhelm Brandenburg Duroc Schinken 80g","Wilhelm Brandenburg","4337256491754","2.39","80g (1 kg = 29,88 €)","Fleisch & Fisch","False","https://img.rewe-static.de/8861970/38587045_digital-image.png"
"Probsteier Grützwurst ohne Rosinen","NA","20534301","1.49","1 Stück ca. 100 g (1 kg = 14,90 €)","Fleisch & Fisch","False","https://img.rewe-static.de/0468625/34883434_digital-image.png"
"Vantastic foods Soja Schnetzel vegan 250g","Vantastic Foods","4260661092141","2.49","250g (1 kg = 9,96 €)","Fleisch & Fisch","False","https://img.rewe-static.de/3436750/28527764_digital-image.png"
"Artysan Chorizo extra pikant 250g","NA","8423610071017","3.79","250g (1 kg = 15,16 €)","Fleisch & Fisch","False","https://img.rewe-static.de/7136745/27513107_digital-image.png"
"Hareico Holsteiner Mettwurst 500g","Hareico","4008262015738","5.99","500g (1 kg = 11,98 €)","Fleisch & Fisch","True","https://img.rewe-static.de/1341734/28136278_digital-image.png"
"Wilhelm Brandenburg Mortadella mit Pistazien 100g","Wilhelm Brandenburg","4337256867931","0.99","100g (1 kg = 9,90 €)","Fleisch & Fisch","True","https://img.rewe-static.de/0489055/7387810_digital-image.png"
"REWE Beste Wahl Delikatess-Metzgerschinken 150g","REWE Beste Wahl","4337256264921","2.99","150g (1 kg = 19,93 €)","Fleisch & Fisch","False","https://img.rewe-static.de/0141114/22937539_digital-image.png"
"Hansen Gekochter Hinterschinken","Hansen","2792290000003","2.79","1 Stück ca. 100 g (1 kg = 27,90 €)","Fleisch & Fisch","False","https://img.rewe-static.de/7165531/27529842_digital-image.png"
"Rügenwalder Mühle Pommersche Gutsleberwurst grob 125g","Rügenwalder Mühle","4000405002087","1.39","125g (1 kg = 11,12 €)","Fleisch & Fisch","True","https://img.rewe-static.de/0061300/1886460_digital-image.png"
"Pfeifer Probsteier Delikatess-Leberwurst grob im Golddarm 200g","Pfeifer","4011473031183","3.49","200g (1 kg = 17,45 €)","Fleisch & Fisch","False","https://img.rewe-static.de/1319106/28047956_digital-image.png"
"REWE Feine Welt Duroc Schinken 90g","REWE Feine Welt","4337256527200","4.29","90g (1 kg = 47,67 €)","Fleisch & Fisch","False","https://img.rewe-static.de/7292221/28063208_digital-image.png"
"Wilhelm Brandenburg Rinder-Markknochen ca. 500g","Wilhelm Brandenburg","2175730000007","3.0","1 Stück ca. 500 g (1 kg = 5,99 €)","Fleisch & Fisch","False","https://img.rewe-static.de/2566290/23126055_digital-image.png"
"Popp Kräuter-Fleischsalat 200g","Popp","4045800235258","1.79","200g (1 kg = 8,95 €)","Fleisch & Fisch","False","https://img.rewe-static.de/0729395/10785910_digital-image.png"
"REWE Bio Rinderhackfleisch 400g","REWE Bio","4021782371566","7.49","400g (1 kg = 18,73 €)","Fleisch & Fisch","True","https://img.rewe-static.de/1287072/20464399_digital-image.png"
"REWE Regional Delikatess Mettwurst geräuchert grob 80g","REWE Regional","4337256293150","1.99","80g (1 kg = 24,88 €)","Fleisch & Fisch","False","https://img.rewe-static.de/8037114/30373064_digital-image.png"
"Wilhelm Brandenburg Salami Extra 100g","Wilhelm Brandenburg","4337256519687","2.99","170g (1 kg = 17,59 €)","Fleisch & Fisch","False","https://img.rewe-static.de/2726638/25297844_digital-image.png"
"BiFi Turkey 5x20g","BiFi","4251097405179","2.89","5x20g (1 kg = 28,90 €)","Fleisch & Fisch","False","https://img.rewe-static.de/3205262/26814612_digital-image.png"
"REWE Beste Wahl Delikatess Gourmet Salami 100g","REWE Beste Wahl","4337256740210","2.29","100g","Fleisch & Fisch","False","https://img.rewe-static.de/7625195/42185374_digital-image.png"
"Herta Finesse Putenbrust im Ofen gegrillt 100g","Herta","4000582189892","2.49","100g (1 kg = 24,90 €)","Fleisch & Fisch","False","https://img.rewe-static.de/2327591/23456917_digital-image.png"
"REWE Bio Schwarzwälder Schinken 70g","REWE Bio","4337256211017","2.99","70g (1 kg = 42,71 €)","Fleisch & Fisch","False","https://img.rewe-static.de/7082861/27464404_digital-image.png"
"Nadler Alaska Seelachs Mus 125g","Nadler","4021900006561","2.19","125g (1 kg = 17,52 €)","Fleisch & Fisch","False","https://img.rewe-static.de/8666833/34715233_digital-image.png"
"Homann Bismarckhering 250g","Homann","4030800511044","3.99","250g (1 kg = 15,96 €)","Fleisch & Fisch","False","https://img.rewe-static.de/0807852/5305260_digital-image.png"
"Rügenwalder Mühle Schinken Spicker mit Schnittlauch vegan 80g","Rügenwalder Mühle","4000405004470","1.59","80g (1 kg = 19,88 €)","Fleisch & Fisch","False","https://img.rewe-static.de/8667972/2550600_digital-image.png"
"REWE Beste Wahl Delikatess-Fleischsalat mit Gurken 200g","REWE Beste Wahl","4337256200868","0.99","200g (1 kg = 4,95 €)","Fleisch & Fisch","False","https://img.rewe-static.de/0314470/21025194_digital-image.png"
"REWE Beste Wahl Schnitzel vegan 200g","REWE Beste Wahl","21791659","1.99","200g (1 kg = 9,95 €)","Fleisch & Fisch","False","https://img.rewe-static.de/7778311/37606250_digital-image.png"
"Gutfried Geflügel-Fleischwurst mit Knoblauch 400g","Gutfried","4003171003807","3.49","400g (1 kg = 8,73 €)","Fleisch & Fisch","False","https://img.rewe-static.de/8575517/32350740_digital-image.png"
"Wilhelm Bradenburg Delikatess Krustenbraten gepökelt 80g","Wilhelm Brandenburg","4337256269247","2.29","80g (1 kg = 28,63 €)","Fleisch & Fisch","False","https://img.rewe-static.de/7966352/32049810_digital-image.png"
"Rügenwalder Mühle Veganer Schinken Spicker mit bunter Paprika 80g","Rügenwalder Mühle","4000405004982","1.59","80g (1 kg = 19,88 €)","Fleisch & Fisch","False","https://img.rewe-static.de/7785277/35912582_digital-image.png"
"Abraham Schwarzwälder Schinken geräuchert 80g","Abraham","4006431706012","1.99","80g (1 kg = 24,88 €)","Fleisch & Fisch","False","https://img.rewe-static.de/0672107/8883550_digital-image.png"
"Bernard Matthews Hähnchenbrust-Filetstücke Paprika 150g","Bernard Matthews Oldenburg","4002993078710","2.79","150g (1 kg = 18,60 €)","Fleisch & Fisch","False","https://img.rewe-static.de/2145037/22322600_digital-image.png"
"Wiltmann Bio-Geflügel-Lyoner 80g","Wiltmann","4001956315817","2.29","80g (1 kg = 28,63 €)","Fleisch & Fisch","False","https://img.rewe-static.de/1138469/31339838_digital-image.png"
"Rindersteakhüfte vom Jungbullen 250g","NA","2705740000003","4.98","1 Stück ca. 250 g (1 kg = 19,90 €)","Fleisch & Fisch","True","https://img.rewe-static.de/0729038/21604827_digital-image.png"
"Gutfried Putenbrust Natur 100g","Gutfried","4003171002992","2.19","100g (1 kg = 21,90 €)","Fleisch & Fisch","False","https://img.rewe-static.de/4676149/1490970_digital-image.png"
"Schulte Sportler Salami im Scheiben","Schulte","4002834036787","2.39","1 Stück ca. 100 g (1 kg = 23,90 €)","Fleisch & Fisch","False","https://img.rewe-static.de/1085658/8968990_digital-image.png"
"Wiesenhof Geflügel-Wiener 200g","Wiesenhof","4019467466706","2.59","200g (1 kg = 12,95 €)","Fleisch & Fisch","False","https://img.rewe-static.de/1453424/43948487_digital-image.png"
"Holsteiner Puten Frische Zwiebelmettwurst 125g","NA","4016434004312","1.59","125g (1 kg = 12,72 €)","Fleisch & Fisch","False","https://img.rewe-static.de/8116016/2890250_digital-image.png"
"Neuburger Fleischkäse in Scheiben","NA","9002679003512","1.99","1 Stück ca. 100 g (1 kg = 19,90 €)","Fleisch & Fisch","True","https://img.rewe-static.de/0950910/23355961_digital-image.png"
"REWE Beste Wahl Räucher-Lachs 2x50g","REWE Beste Wahl","4337256560191","3.59","2x50g (1 kg = 35,90 €)","Fleisch & Fisch","False","https://img.rewe-static.de/8087752/29523388_digital-image.png"
"REWE Beste Wahl Deutsches Corned Beef 100g","REWE Beste Wahl","4337256233064","1.99","100g (1 kg = 19,90 €)","Fleisch & Fisch","False","https://img.rewe-static.de/0376979/22790905_digital-image.png"
"Zimbo Zwiebelmettwurst fein 120g","Zimbo","4063761540051","1.79","120g (1 kg = 14,92 €)","Fleisch & Fisch","False","https://img.rewe-static.de/0544303/9539740_digital-image.png"
"Butcher's Burger Angus Irish Beef Burger Patties 230g","Butcher's Burger","4337256189897","3.99","230g (1 kg = 17,35 €)","Fleisch & Fisch","False","https://img.rewe-static.de/7938024/33031415_digital-image.png"
"REWE Bio Schinkenwürfel 100g","REWE Bio","4337256806459","2.49","100g (1 kg = 24,90 €)","Fleisch & Fisch","False","https://img.rewe-static.de/9069096/42682822_digital-image.png"
"Billie Green Vegane Schinkenwürfel 3x30g","Billie Green","4099498000230","1.99","90g (1 kg = 22,11 €)","Fleisch & Fisch","False","https://img.rewe-static.de/7780106/36494928_digital-image.png"
"Yayla Sucuk 250g","Yayla","4027394005707","2.99","250g (1 kg = 11,96 €)","Fleisch & Fisch","False","https://img.rewe-static.de/0811795/20910223_digital-image.png"
"Wilhelm Brandenburg Hähnchen-Innenbrustfilet 350g","Wilhelm Brandenburg","4337256161237","4.99","350g (1 kg = 14,26 €)","Fleisch & Fisch","False","https://img.rewe-static.de/8509031/35606216_digital-image.png"
"Rügenwalder Mühle Veganer Hauchschnitt Typ Hähnchen 70g","Rügenwalder Mühle","4000405001738","1.59","70g (1 kg = 22,71 €)","Fleisch & Fisch","False","https://img.rewe-static.de/7657674/40173394_digital-image.png"
"Abraham Serrano Schinken 80g","Abraham","4006431706005","2.49","80g (1 kg = 31,13 €)","Fleisch & Fisch","False","https://img.rewe-static.de/1017991/27070049_digital-image.png"
"LikeMeat Like Chicken vegan 180g","LikeMeat","4260380665015","3.29","180g (1 kg = 18,28 €)","Fleisch & Fisch","False","https://img.rewe-static.de/7704499/38443403_digital-image.png"
"Rindergulasch vom Jungbullen","NA","2705820000008","3.6","1 Stück ca. 250 g (1 kg = 14,40 €)","Fleisch & Fisch","True","https://img.rewe-static.de/1077140/24512085_digital-image.png"
"Heidemetzger Frühstücksmett traditionell 150g","Heidemetzger","4004787051947","2.59","150g (1 kg = 17,27 €)","Fleisch & Fisch","False","https://img.rewe-static.de/2111681/23475609_digital-image.png"
"Gutfried Hähnchenbrust Natur 100g","Gutfried","4003171096175","2.19","100g (1 kg = 21,90 €)","Fleisch & Fisch","False","https://img.rewe-static.de/1260257/14274900_digital-image.png"
"Gosch Dillhappen 150g","Gosch","4009457783098","2.29","150g (1 kg = 15,27 €)","Fleisch & Fisch","False","https://img.rewe-static.de/1239262/15814910_digital-image.png"
"REWE Bio Salamisticks classic 60g","REWE Bio","4337256457477","2.29","60g (1 kg = 38,17 €)","Fleisch & Fisch","False","https://img.rewe-static.de/7778921/36295389_digital-image.png"
"Gutfried Hähnchen Mortadella Paprika 80g","Gutfried","4003171000394","1.49","80g (1 kg = 18,63 €)","Fleisch & Fisch","False","https://img.rewe-static.de/2935701/28019855_digital-image.png"
"Rügenwalder Mühle Veganer Schinken Spicker Salat Kräuter 150g","Rügenwalder Mühle","4000405002711","1.99","150g (1 kg = 13,27 €)","Fleisch & Fisch","False","https://img.rewe-static.de/8731736/35463669_digital-image.png"
"Popp Brotaufstrich Alaska-Seelachssalat 150g","Popp","4045800522266","1.79","150g (1 kg = 11,93 €)","Fleisch & Fisch","False","https://img.rewe-static.de/3965287/2494360_digital-image.png"
"Gmyrek Tex-Mex Mettwurst 150g","Gmyrek","4004787050469","2.19","150g (1 kg = 14,60 €)","Fleisch & Fisch","False","https://img.rewe-static.de/0442549/7068180_digital-image.png"
"The Vegetarian Butcher Veganes Hick-Hack-Hurra 180g","The Vegetarian Butcher","8710522887165","3.19","180g (1 kg = 17,72 €)","Fleisch & Fisch","False","https://img.rewe-static.de/8523840/31812000_digital-image.png"
"Gosch Heringssalat 150g","Gosch","4009457782596","2.29","150g (1 kg = 15,27 €)","Fleisch & Fisch","False","https://img.rewe-static.de/1239271/36856939_digital-image.png"
"REWE Feine Welt Hüftsteak","REWE Feine Welt","2714800000006","6.88","1 Stück ca. 230 g (1 kg = 29,90 €)","Fleisch & Fisch","False","https://img.rewe-static.de/7815059/37096976_digital-image.png"
"REWE Beste Wahl Delikatess-Paprikasalami 80g","REWE Beste Wahl","4337256417501","1.89","80g (1 kg = 23,63 €)","Fleisch & Fisch","False","https://img.rewe-static.de/0135758/22379958_digital-image.png"
"Rügenwalder Mühle Vegane Mühlen Nuggets Klassisch 180g","Rügenwalder Mühle","4000405005033","3.29","180g (1 kg = 18,28 €)","Fleisch & Fisch","False","https://img.rewe-static.de/2363473/23598694_digital-image.png"
"Gutfried Luftgetrockneter Puten-Schinken 70g","Gutfried","4003171000493","2.49","70g (1 kg = 35,57 €)","Fleisch & Fisch","False","https://img.rewe-static.de/0097455/3904060_digital-image.png"
"REWE Beste Wahl Räucherlaxxs vegan 100g","REWE Beste Wahl","4337256534826","2.49","100g (1 kg = 24,90 €)","Fleisch & Fisch","False","https://img.rewe-static.de/8857163/37779335_digital-image.png"
"Popp Fleischsalat Budapester Art 200g","Popp","4045800770803","1.79","200g (1 kg = 8,95 €)","Fleisch & Fisch","False","https://img.rewe-static.de/1134648/22144458_digital-image.png"
"Gutfried Geflügel-Mortadella Buffet 80g","Gutfried","4003171036249","1.49","80g (1 kg = 18,63 €)","Fleisch & Fisch","False","https://img.rewe-static.de/1229060/20302215_digital-image.png"
"Rügenwalder Mühle Hauchschnitt Curry Typ Hähnchen vegan 70g","Rügenwalder Mühle","4000405001745","1.59","70g (1 kg = 22,71 €)","Fleisch & Fisch","False","https://img.rewe-static.de/8972662/40640630_digital-image.png"
"Tannenhof Vespermett in Gelee in Scheiben","Tannenhof","4015236003738","1.99","1 Stück ca. 100 g (1 kg = 19,90 €)","Fleisch & Fisch","False","https://img.rewe-static.de/0395135/23446188_digital-image.png"
"Wiesbauer scharfe Knacker aromaschutzverpackt 100g","Wiesbauer","9002668524516","1.79","100g (1 kg = 17,90 €)","Fleisch & Fisch","False","https://img.rewe-static.de/0995680/23879004_digital-image.png"
"REWE Bio Hähnchenbrustfilet 320g","REWE Bio","2160780000008","11.17","1 Stück ca. 320 g (1 kg = 34,90 €)","Fleisch & Fisch","False","https://img.rewe-static.de/1267719/21087764_digital-image.png"
"Tarczynski Kesselschinken in Scheiben","NA","2298210000004","2.29","1 Stück ca. 100 g (1 kg = 22,90 €)","Fleisch & Fisch","False","https://img.rewe-static.de/2429065/23841118_digital-image.png"
"Wilhelm Brandenburg Hähnchen-Unterschenkel 4-6 Stück","Wilhelm Brandenburg","2118900000001","3.5","1 Stück ca. 500 g (1 kg = 6,99 €)","Fleisch & Fisch","False","https://img.rewe-static.de/8506982/35606272_digital-image.png"
"Gutfried Geflügel-Schinkenwurst Buffet 80g","Gutfried","4003171031558","1.49","80g (1 kg = 18,63 €)","Fleisch & Fisch","False","https://img.rewe-static.de/2643914/24828136_digital-image.png"
"Campofrio Serranoschinken in Scheiben","Campofrio","2262910000008","2.99","1 Stück ca. 100 g (1 kg = 29,90 €)","Fleisch & Fisch","False","https://img.rewe-static.de/0515409/23897237_digital-image.png"
"Abraham Bauernschinken 80g","Abraham","4006431706036","1.99","80g (1 kg = 24,88 €)","Fleisch & Fisch","False","https://img.rewe-static.de/0672103/7769950_digital-image.png"
"Reinert Bärchen-Streich Geflügel 125g","Reinert","4006229434721","2.39","125g (1 kg = 19,12 €)","Fleisch & Fisch","False","https://img.rewe-static.de/8337318/31297468_digital-image.png"
"Greenforce Cevapcici vegan 180g","GREENFORCE","4260322211362","2.99","180g (1 kg = 16,61 €)","Fleisch & Fisch","False","https://img.rewe-static.de/8678106/34780508_digital-image.png"
"Wilhelm Brandenburg Kasseler Lachs roh 800g","Wilhelm Brandenburg","4388844164338","9.49","800g (1 kg = 11,86 €)","Fleisch & Fisch","False","https://img.rewe-static.de/2098448/22181107_digital-image.png"
"Wilhelm Brandenburg Bauernmettwurst 80g","Wilhelm Brandenburg","4337256644358","2.29","80g (1 kg = 28,63 €)","Fleisch & Fisch","False","https://img.rewe-static.de/7033134/27405682_digital-image.png"
"Wilhelm Brandenburg Hähnchen-Herzen 350g","Wilhelm Brandenburg","4337256160667","2.29","350g (1 kg = 6,54 €)","Fleisch & Fisch","False","https://img.rewe-static.de/7933450/35606211_digital-image.png"
"Gutfried Puten Lachsschinken aus Putenbrustfilets 75g","Gutfried","4003171003241","2.49","75g (1 kg = 33,20 €)","Fleisch & Fisch","False","https://img.rewe-static.de/5051630/914950_digital-image.png"
"Tulip Slow Cooked Spareribs 550g","Tulip","5707196180718","6.99","550g (1 kg = 12,71 €)","Fleisch & Fisch","False","https://img.rewe-static.de/2394701/23598743_digital-image.png"
"Rindertatar","NA","25942347","1.69","1 Stück ca. 100 g (1 kg = 16,90 €)","Fleisch & Fisch","False","https://img.rewe-static.de/7614051/43814735_digital-image.png"
"REWE Regional Delikatess Kohlwurst geräuchert 300g","REWE Regional","4337256293297","4.49","300g (1 kg = 14,97 €)","Fleisch & Fisch","False","https://img.rewe-static.de/8371494/30373067_digital-image.png"
"REWE Regional Schinkenwürstchen 400g","REWE Regional","4388860235159","5.49","400g (1 kg = 13,73 €)","Fleisch & Fisch","False","https://img.rewe-static.de/7298998/28299784_digital-image.png"
"Prinzensülze","NA","4260075727547","2.29","1 Stück ca. 100 g (1 kg = 22,90 €)","Fleisch & Fisch","False","https://img.rewe-static.de/0925791/9409990_digital-image.png"
"Mehlig & Heller Mutter's Leberwurst 250g","Mehlig & Heller","4010534013366","2.69","250g (1 kg = 10,76 €)","Fleisch & Fisch","False","https://img.rewe-static.de/7913422/32880007_digital-image.png"
"Schweine Kottelett Nacken","NA","28024804","1.78","1 Stück ca. 200 g (1 kg = 8,90 €)","Fleisch & Fisch","False","https://img.rewe-static.de/8093596/31097802_digital-image.png"
"Mayo Curryfleischsalat 200g","Mayo Feinkost","4009457382420","1.99","200g (1 kg = 9,95 €)","Fleisch & Fisch","False","https://img.rewe-static.de/8411409/7397290_digital-image.png"
"Schweine Bauch ohne Knochen","NA","28024095","1.98","1 Stück ca. 200 g (1 kg = 9,90 €)","Fleisch & Fisch","False","https://img.rewe-static.de/8093004/32401250_digital-image.png"
"Schweinebacke geräuchert Premium","Wilhelm Brandenburg","2742430000004","1.98","1 Stück ca. 200 g (1 kg = 9,90 €)","Fleisch & Fisch","False","https://img.rewe-static.de/3220593/28417366_digital-image.png"
"Mayo Feinkost Fleischsalat Russischer Art 200g","Mayo Feinkost","4009457381829","1.99","200g (1 kg = 9,95 €)","Fleisch & Fisch","False","https://img.rewe-static.de/8411077/29602033_digital-image.png"
"Mayo Kräuterfleischsalat 200g","Mayo Feinkost","4009457380822","1.89","200g (1 kg = 9,45 €)","Fleisch & Fisch","False","https://img.rewe-static.de/8411263/1817040_digital-image.png"
"Billie Green Vegane Salami mit Pfeffer 70g","Billie Green","4099498000025","1.59","70g (1 kg = 22,71 €)","Fleisch & Fisch","False","https://img.rewe-static.de/7780402/36494939_digital-image.png"
"BiFi Carazza 3x40g","BiFi","4251097400280","2.89","3x40g (1 kg = 24,08 €)","Fleisch & Fisch","False","https://img.rewe-static.de/7917082/2466650_digital-image.png"
"Deutsche See Lachsfilet Kräuter 250g","Deutsche See","4009239617412","4.99","250g (1 kg = 19,96 €)","Fleisch & Fisch","True","https://img.rewe-static.de/8411619/30786360_digital-image.png"
"Black Angus Rinder-Hüftsteak ca. 240g","NA","2720340000000","7.18","1 Stück ca. 240 g (1 kg = 29,90 €)","Fleisch & Fisch","False","https://img.rewe-static.de/8701612/36339382_digital-image.png"
"Bille Geflügelsalami Jalapeno","NA","28312598","2.59","1 Stück ca. 100 g (1 kg = 25,90 €)","Fleisch & Fisch","False","https://img.rewe-static.de/7091297/32635441_digital-image.png"
"Gutfried Hähnchenbrust Mango Curry 80g","Gutfried","4003171020101","1.89","80g (1 kg = 23,63 €)","Fleisch & Fisch","False","https://img.rewe-static.de/8255852/29058115_digital-image.png"
"Mayo Geflügelsalat 150g","Mayo Feinkost","4009457380693","1.99","150g (1 kg = 13,27 €)","Fleisch & Fisch","False","https://img.rewe-static.de/8411255/1709500_digital-image.png"
"Herta Genuss Momente Saftschinken schonend gegart 100g","Herta","4000582309993","1.69","100g (1 kg = 16,90 €)","Fleisch & Fisch","True","https://img.rewe-static.de/2534929/26478002_digital-image.png"
"REWE Bio Wurst Paprika Lyoner 100g","REWE Bio","4337256763615","1.49","100g (1 kg = 14,90 €)","Fleisch & Fisch","False","https://img.rewe-static.de/9024701/42309919_digital-image.png"
"Müller's Hausmacher Heidefrühstück in Scheiben","Müller's Hausmacher Wurst","40354286","1.99","1 Stück ca. 100 g (1 kg = 19,90 €)","Fleisch & Fisch","False","https://img.rewe-static.de/7236808/1208820_digital-image.png"
"Aoste Stickado Salami-Sticks 60g","Aoste","3449865376740","2.49","60g (1 kg = 41,50 €)","Fleisch & Fisch","False","https://img.rewe-static.de/7709065/38624078_digital-image.png"
"Schypke Deutsches Cornedbeef","NA","2249150000005","2.29","1 Stück ca. 100 g (1 kg = 22,90 €)","Fleisch & Fisch","False","https://img.rewe-static.de/6173233/11918830_digital-image.png"
"Heidjer Landleberwurst","NA","4005855916106","1.49","1 Stück ca. 100 g (1 kg = 14,90 €)","Fleisch & Fisch","True","https://img.rewe-static.de/0343544/23909131_digital-image.png"
"LikeMeat Like Rostbratwürstchen vegan 175g","LikeMeat","4260380662342","3.29","175g (1 kg = 18,80 €)","Fleisch & Fisch","False","https://img.rewe-static.de/7921688/32637356_digital-image.png"
"Deutsche See MSC Bückling geräuchert","Deutsche See","2299440000000","2.9","1 Stück ca. 225 g (1 kg = 12,90 €)","Fleisch & Fisch","False","https://img.rewe-static.de/8413316/31475142_digital-image.png"
"REWE Regional Delikatess Wiener 400g","REWE Regional","4337256295581","5.49","400g (1 kg = 13,73 €)","Fleisch & Fisch","False","https://img.rewe-static.de/7296089/28298836_digital-image.png"
"Frühstücksschmaus nach Art einer Fleischsülzwurst 100g","NA","4337256644808","1.89","100g (1 kg = 18,90 €)","Fleisch & Fisch","False","https://img.rewe-static.de/8333407/29695712_digital-image.png"
"Gmyrek Frühstücksmett pikant 150g","Gmyrek","4004787051923","2.59","150g (1 kg = 17,27 €)","Fleisch & Fisch","False","https://img.rewe-static.de/2111686/23059159_digital-image.png"
"Nordsee Matjes mild 200g","Nordsee","4030800069835","3.79","200g (1 kg = 18,95 €)","Fleisch & Fisch","False","https://img.rewe-static.de/7854755/34099112_digital-image.png"
"Citterio Prosciutto di Parma 70g","Citterio","80515616","3.19","70g (1 kg = 45,57 €)","Fleisch & Fisch","False","https://img.rewe-static.de/3017150/2598150_digital-image.png"
"Tukan Bio Tofufilets Classic vegan 160g","Tukan","4012359744005","2.89","160g (1 kg = 18,06 €)","Fleisch & Fisch","False","https://img.rewe-static.de/0481649/19884280_digital-image.png"
"Gosch Weisse Düne ca. 100g","Gosch","4009457782947","1.79","1 Stück ca. 100 g (1 kg = 17,90 €)","Fleisch & Fisch","False","https://img.rewe-static.de/2179826/24832245_digital-image.png"
"REWE Beste Wahl Vegane Burger Patties 230g","REWE Beste Wahl","4337256319409","1.99","230g (1 kg = 8,65 €)","Fleisch & Fisch","False","https://img.rewe-static.de/8645362/34863499_digital-image.png"
"Greenforce Fertigmischung Veganes Hack 75g","GREENFORCE","4260322212307","2.99","75g (1 kg = 39,87 €)","Fleisch & Fisch","False","https://img.rewe-static.de/7806185/35899842_digital-image.png"
"Herta Genuss Momente Grillschinken schonend gegart 100g","Herta","4000582309795","1.69","100g (1 kg = 16,90 €)","Fleisch & Fisch","True","https://img.rewe-static.de/2534927/34796046_digital-image.png"
"REWE Beste Wahl Nuggets mit Sweet Chili & Süß-Sauer Dip vegan 300g","REWE Beste Wahl","4337256690195","2.29","300g (1 kg = 7,63 €)","Fleisch & Fisch","False","https://img.rewe-static.de/7648597/41568838_digital-image.png"
"REWE Bio Hähnchenschenkel","REWE Bio","2160800000001","8.94","1 Stück ca. 600 g (1 kg = 14,90 €)","Fleisch & Fisch","False","https://img.rewe-static.de/1267731/21486459_digital-image.png"
"Wilhelm Brandenburg Rügenwalder Teewurst fein 200g","Wilhelm Brandenburg","4006784006135","2.89","200g (1 kg = 14,45 €)","Fleisch & Fisch","False","https://img.rewe-static.de/0592792/5682640_digital-image.png"
"Rügenwalder Mühle Pommersche Gutsleberwurst Schnittlauch 125g","Rügenwalder Mühle","4000405002001","1.39","125g (1 kg = 11,12 €)","Fleisch & Fisch","True","https://img.rewe-static.de/0129028/5188530_digital-image.png"
"Greenforce Frische Köttbullar vegan 180g","GREENFORCE","4260322211355","2.99","180g (1 kg = 16,61 €)","Fleisch & Fisch","False","https://img.rewe-static.de/7843009/34780675_digital-image.png"
"Rügenwalder Mühle Pommersche Feine Gutsleberwurst mit Schnittlauch","Rügenwalder Mühle","4000405005279","2.19","1 Stück ca. 100 g (1 kg = 21,90 €)","Fleisch & Fisch","False","https://img.rewe-static.de/2040635/24969121_digital-image.png"
"Greenforce Leberkäse vegan 160g","GREENFORCE","4260322214738","3.29","160g (1 kg = 20,56 €)","Fleisch & Fisch","False","https://img.rewe-static.de/8964819/40175270_digital-image.png"
"REWE Beste Wahl Fuet Salami luftgetrocknet 100g","REWE Beste Wahl","4337256730730","2.99","100g (1 kg = 29,90 €)","Fleisch & Fisch","False","https://img.rewe-static.de/7633942/42749723_digital-image.png"
"Veggy Friends Soja Hack vegan 170g","Veggy Friends","4260177113620","2.29","170g (1 kg = 13,47 €)","Fleisch & Fisch","False","https://img.rewe-static.de/2147096/27333890_digital-image.png"
"Butcher's Barbeque Spare Ribs 550g","Butcher's Burger","4337256737074","8.99","550g (1 kg = 16,35 €)","Fleisch & Fisch","False","https://img.rewe-static.de/9015635/43308532_digital-image.png"
"Popp Feinster roter Heringssalat 200g","Popp","4045800770841","2.19","200g (1 kg = 10,95 €)","Fleisch & Fisch","False","https://img.rewe-static.de/1134651/13192370_digital-image.png"
"Billie Green Vegane Salami Klassik 70g","Billie Green","4099498000018","1.59","70g (1 kg = 22,71 €)","Fleisch & Fisch","False","https://img.rewe-static.de/7780891/36494940_digital-image.png"
"Wilhelm Brandenburg Rügenwalder Teewurst 150g","Wilhelm Brandenburg","4337256593380","3.29","150g (1 kg = 21,93 €)","Fleisch & Fisch","False","https://img.rewe-static.de/0094217/5633530_digital-image.png"
"Gutfried Hähnchenbrust gebraten 80g","Gutfried","4003171020057","2.19","80g (1 kg = 27,38 €)","Fleisch & Fisch","False","https://img.rewe-static.de/8108648/29178837_digital-image.png"
"Reinert Schinken in Aspik mit Champignons in Scheiben","Reinert","2248880000002","1.49","1 Stück ca. 100 g (1 kg = 14,90 €)","Fleisch & Fisch","False","https://img.rewe-static.de/8844402/15787430_digital-image.png"
"BiFi Currywurst 120g","BiFi","4251097420615","2.99","120g (1 kg = 24,92 €)","Fleisch & Fisch","False","https://img.rewe-static.de/9093426/44159312_digital-image.png"
"Bauchspeck","NA","22573858","3.98","1 Stück ca. 200 g (1 kg = 19,90 €)","Fleisch & Fisch","False","https://img.rewe-static.de/7636847/42465413_digital-image.png"
"Wilhelm Brandenburg Butterschinken 100g","Wilhelm Brandenburg","4337256256254","2.49","100g (1 kg = 24,90 €)","Fleisch & Fisch","False","https://img.rewe-static.de/1173061/18947700_digital-image.png"
"REWE Beste Wahl Hack vegan 275g","REWE Beste Wahl","4337256282826","2.29","275g (1 kg = 8,33 €)","Fleisch & Fisch","False","https://img.rewe-static.de/8613284/34412926_digital-image.png"
"Abraham Serrano Reserva 70g","Abraham","4034167706648","2.49","70g (1 kg = 35,57 €)","Fleisch & Fisch","False","https://img.rewe-static.de/7897095/34970085_digital-image.png"
"REWE Beste Wahl Delikatess Pfeffer Salami 100g","REWE Beste Wahl","4337256747813","2.29","100g","Fleisch & Fisch","False","https://img.rewe-static.de/9020899/42750740_digital-image.png"
"REWE Bio Rostbratwurst 200g","REWE Bio","4337256211079","3.09","200g (1 kg = 15,45 €)","Fleisch & Fisch","False","https://img.rewe-static.de/0204052/1303390_digital-image.png"
"Pfeifer Jagdwurst","NA","4011473011536","3.99","250g (1 kg = 15,96 €)","Fleisch & Fisch","False","https://img.rewe-static.de/1319111/24909989_digital-image.png"
"Gelderland geräucherter Bauchspeck Block 250g","NA","4003730516700","4.29","250g (1 kg = 17,16 €)","Fleisch & Fisch","False","https://img.rewe-static.de/8357774/30246940_digital-image.png"
"Rügenwalder Mühle Pommersche Gutsleberwurst fein 125g","Rügenwalder Mühle","4000405002063","1.39","125g (1 kg = 11,12 €)","Fleisch & Fisch","True","https://img.rewe-static.de/0061296/1886440_digital-image.png"
"Wilhelm Brandenburg Zungenrotwurst 100g","Wilhelm Brandenburg","4337256636629","1.99","100g (1 kg = 19,90 €)","Fleisch & Fisch","False","https://img.rewe-static.de/0489053/8694120_digital-image.png"
"Wilhelm Brandenburg Salami fettreduziert 80g","Wilhelm Brandenburg","4337256632454","1.99","80g (1 kg = 24,88 €)","Fleisch & Fisch","False","https://img.rewe-static.de/3106239/27186994_digital-image.png"
"Tulip Bacon 125g","Tulip","5762385038218","1.49","125g (1 kg = 11,92 €)","Fleisch & Fisch","True","https://img.rewe-static.de/2642247/3847590_digital-image.png"
"Wilhelm Brandenburg Wacholderschinken 100g","Wilhelm Brandenburg","4337256268738","2.49","100g (1 kg = 24,90 €)","Fleisch & Fisch","False","https://img.rewe-static.de/0295422/8978690_digital-image.png"
"Börner Eisenacher Mini Stracke Mettwurst 200g","Börner Eisenacher","4004352412340","3.79","200g (1 kg = 18,95 €)","Fleisch & Fisch","False","https://img.rewe-static.de/1458071/26581603_digital-image.png"
"REWE Bio + vegan Falafel Trockenmischung 175g","REWE Bio","4337256259866","1.29","175g (1 kg = 7,37 €)","Fleisch & Fisch","False","https://img.rewe-static.de/7250357/28506455_digital-image.png"
"Wilhelm Brandenburg Schweinebraten mit Paprikapfeffer 100g","Wilhelm Brandenburg","4337256279338","2.49","100g (1 kg = 24,90 €)","Fleisch & Fisch","False","https://img.rewe-static.de/8503171/32261838_digital-image.png"
"LikeMeat Like Gyros vegan 180g","LikeMeat","4260380665053","3.29","180g (1 kg = 18,28 €)","Fleisch & Fisch","False","https://img.rewe-static.de/8897837/38443404_digital-image.png"
"Adler Schwarzwälder Schinken in Scheiben","Adler","2170300000005","2.69","1 Stück ca. 100 g (1 kg = 26,90 €)","Fleisch & Fisch","False","https://img.rewe-static.de/2461969/24046430_digital-image.png"
"Epppers Schweine Schinkenmett","Eppers","2248870000005","0.87","1 Stück ca. 80 g (1 kg = 10,90 €)","Fleisch & Fisch","False","https://img.rewe-static.de/0929686/28150512_digital-image.png"
"Wilhelm Brandenburg Lachsfleisch 100g","Wilhelm Brandenburg","4337256512022","2.39","100g (1 kg = 23,90 €)","Fleisch & Fisch","False","https://img.rewe-static.de/3029985/26154196_digital-image.png"
"REWE Feine Welt Antipasti Variation Wurstaufschnitt 100g","REWE Feine Welt","4337256650106","5.49","100g (1 kg = 54,90 €)","Fleisch & Fisch","False","https://img.rewe-static.de/1424200/20480952_digital-image.png"
"Coraya Fish and Dip mit Cocktailsauce 215g","NA","3276170016500","3.39","215g (1 kg = 15,77 €)","Fleisch & Fisch","False","https://img.rewe-static.de/7268466/27848242_digital-image.png"
"REWE to go Onigiri Lachs Edamame 100g","REWE to go","42259015","2.69","100g (1 kg = 26,90 €)","Fleisch & Fisch","False","https://img.rewe-static.de/7971047/32241363_digital-image.png"
"Wiesbauer Beskada 80g","Wiesbauer","9002668513213","2.19","80g (1 kg = 27,38 €)","Fleisch & Fisch","False","https://img.rewe-static.de/7408480/1594650_digital-image.png"
"REWE Regional Schinkengriller 480g","REWE Regional","4337256287982","5.99","480g (1 kg = 12,48 €)","Fleisch & Fisch","False","https://img.rewe-static.de/7297381/28213400_digital-image.png"
"Wilhelm Brandenburg Schinkenspeck in Scheiben","Wilhelm Brandenburg","2251490000003","1.99","1 Stück ca. 100 g (1 kg = 19,90 €)","Fleisch & Fisch","False","https://img.rewe-static.de/7229909/13878310_digital-image.png"
"Wilhelm Brandenburg Lyoner 100g","Wilhelm Brandenburg","4337256863797","0.99","100g (1 kg = 9,90 €)","Fleisch & Fisch","True","https://img.rewe-static.de/0489033/7387700_digital-image.png"
"Handl AMA Kaminwurzerl leicht geräuchert 100g","Handl Tyrol","9001745096137","2.49","100g (1 kg = 24,90 €)","Fleisch & Fisch","False","https://img.rewe-static.de/4652096/870330_digital-image.png"
"Probsteier Schnittlauchleberwurst","NA","21409738","1.79","1 Stück ca. 100 g (1 kg = 17,90 €)","Fleisch & Fisch","False","https://img.rewe-static.de/1409733/23610940_digital-image.png"
"Wilhelm Brandenburg Bierschinken 100g","Wilhelm Brandenburg","4337256866156","0.99","100g (1 kg = 9,90 €)","Fleisch & Fisch","True","https://img.rewe-static.de/0489040/12980760_digital-image.png"
"REWE Bio Kochschinken 100g","REWE Bio","4337256677738","2.79","100g (1 kg = 27,90 €)","Fleisch & Fisch","False","https://img.rewe-static.de/8969847/41188738_digital-image.png"
"Wilhelm Brandenburg Salami in Brezelform 80g","Wilhelm Brandenburg","4337256528351","3.19","80g (1 kg = 39,88 €)","Fleisch & Fisch","False","https://img.rewe-static.de/8146449/29375434_digital-image.png"
"Bauckhof Falafel Bio Glutenfrei 160g","Bauckhof","4015637822952","2.49","160g (1 kg = 15,56 €)","Fleisch & Fisch","False","https://img.rewe-static.de/0374316/10311930_digital-image.png"
"REWE Bio Salami 70g","REWE Bio","4337256201667","1.75","70g (1 kg = 25 €)","Fleisch & Fisch","False","https://img.rewe-static.de/0206057/2052750_digital-image.png"
"Mayo Feinkost Putensalat in Mango-Curry-Creme 150g","Mayo Feinkost","4009457383496","2.69","150g (1 kg = 17,93 €)","Fleisch & Fisch","False","https://img.rewe-static.de/8392838/29585055_digital-image.png"
"AKI Heide-Forelle Caviar 50g","AKI","4103550011994","7.29","50g (1 kg = 145,80 €)","Fleisch & Fisch","False","https://img.rewe-static.de/7180014/34097078_digital-image.png"
"Greenforce Vegane Mini-Frika 180g","GREENFORCE","4260322211348","2.99","180g (1 kg = 16,61 €)","Fleisch & Fisch","False","https://img.rewe-static.de/8678407/34780659_digital-image.png"
"Drews Metzger-Fleischsalat 200g","Drews","4006495739056","2.59","200g (1 kg = 12,95 €)","Fleisch & Fisch","False","https://img.rewe-static.de/1253631/20726482_digital-image.png"
"Gutfried Geflügel-Fleischwurst 400g","Gutfried","4003171003692","3.49","400g (1 kg = 8,73 €)","Fleisch & Fisch","False","https://img.rewe-static.de/0715195/32350720_digital-image.png"
"REWE Bio Hähnchenbrustfilet 70g","REWE Bio","4337256907323","2.69","70g (1 kg = 38,43 €)","Fleisch & Fisch","False","https://img.rewe-static.de/7848294/34779961_digital-image.png"
"Hareico GQSH Wiener Würstchen ca. 20x100g","Hareico","2729300000005","33.8","1 Stück ca. 2000 g (1 kg = 16,90 €)","Fleisch & Fisch","False","https://img.rewe-static.de/8323516/29673829_digital-image.png"
"REWE Bio Geflügel Wiener 200g","REWE Bio","4337256336574","3.99","200g (1 kg = 19,95 €)","Fleisch & Fisch","False","https://img.rewe-static.de/7829813/36469743_digital-image.png"
"Wilhelm Brandenburg Aufschnitt-Trio 100g","Wilhelm Brandenburg","4337256883177","0.99","100g (1 kg = 9,90 €)","Fleisch & Fisch","True","https://img.rewe-static.de/0489045/18850510_digital-image.png"
"Nadler Edle Matjesfilets Nordische Art 300g","Nadler","4021900006332","3.39","300g (1 kg = 11,30 €)","Fleisch & Fisch","False","https://img.rewe-static.de/8663539/40698489_digital-image.png"
"Rügenwalder Mühle Schinken Spicker Salat Vegan 150g","Rügenwalder Mühle","4000405002704","1.99","150g (1 kg = 13,27 €)","Fleisch & Fisch","False","https://img.rewe-static.de/7808409/35463901_digital-image.png"
"Wilhelm Brandenburg Mortadella mit Paprika 100g","Wilhelm Brandenburg","4337256867412","0.99","100g (1 kg = 9,90 €)","Fleisch & Fisch","True","https://img.rewe-static.de/0489049/7707410_digital-image.png"
"Rügenwalder Mühle Vegane Mühlen Frikadellen Minis 165g","Rügenwalder Mühle","4000405001684","2.49","165g (1 kg = 15,09 €)","Fleisch & Fisch","True","https://img.rewe-static.de/8878355/37866904_digital-image.png"
"Wilhelm Brandenburg Original Spanischer Serrano-Schinken 100g","Wilhelm Brandenburg","4337256637848","2.99","100g (1 kg = 29,90 €)","Fleisch & Fisch","False","https://img.rewe-static.de/0073480/8631230_digital-image.png"
"REWE Beste Wahl Hähnchen-Salami 80g","REWE Beste Wahl","4337256649414","1.69","80g (1 kg = 21,13 €)","Fleisch & Fisch","False","https://img.rewe-static.de/7125949/27385787_digital-image.png"
"Wilhelm Brandenburg Bayerischer Leberkäse","Wilhelm Brandenburg","2216510000005","1.59","1 Stück ca. 100 g (1 kg = 15,90 €)","Fleisch & Fisch","False","https://img.rewe-static.de/5005132/20370063_digital-image.png"
"Wilhelm Brandenburg Mini-Schinkenknacker 200g","Wilhelm Brandenburg","4337256643115","3.99","200g (1 kg = 19,95 €)","Fleisch & Fisch","False","https://img.rewe-static.de/0133568/2432290_digital-image.png"
"Meisterklasse Wiener Würstchen 750g","Meisterklasse","4006784404351","6.89","750g (1 kg = 9,19 €)","Fleisch & Fisch","False","https://img.rewe-static.de/2530990/24817476_digital-image.png"
"Wilhelm Brandenburg Salami Spitzenqualität","Wilhelm Brandenburg","4337256668682","1.89","80g (1 kg = 23,63 €)","Fleisch & Fisch","False","https://img.rewe-static.de/7077421/26924004_digital-image.png"
"Abraham Katenschinken geräuchert 80g","Abraham","4006431706029","2.19","80g (1 kg = 27,38 €)","Fleisch & Fisch","False","https://img.rewe-static.de/0672100/7769930_digital-image.png"
"Bernard Matthews Putenhacksteak mariniert 320g","Bernard Matthews Oldenburg","4002993040144","2.99","320g (1 kg = 9,34 €)","Fleisch & Fisch","False","https://img.rewe-static.de/8567588/33900537_digital-image.png"
"Aoste Stickado Salami Sticks Classique 70g","Aoste","3449851328005","2.49","70g (1 kg = 35,57 €)","Fleisch & Fisch","False","https://img.rewe-static.de/3337367/16656570_digital-image.png"
"Wilhelm Brandenburg Delikatess REWE Schinken 100g","Wilhelm Brandenburg","4337256352666","1.49","100g (1 kg = 14,90 €)","Fleisch & Fisch","True","https://img.rewe-static.de/8092840/29290381_digital-image.png"
"Zimmermann Farmland Schinken in Scheiben","Zimmermann","2249180000006","1.79","1 Stück ca. 100 g (1 kg = 17,90 €)","Fleisch & Fisch","True","https://img.rewe-static.de/9483527/23709973_digital-image.png"
"Wiesenhof Geflügel Paprika-Mortadella 100g","Wiesenhof","4019467483505","1.49","100g (1 kg = 14,90 €)","Fleisch & Fisch","False","https://img.rewe-static.de/2058649/43948480_digital-image.png"
"Deutsches Corned Beef 100g","NA","4337256640862","2.29","100g (1 kg = 22,90 €)","Fleisch & Fisch","False","https://img.rewe-static.de/8334202/29695714_digital-image.png"
"Tulip Baconstreifen 200g","Tulip","5762385036726","2.99","200g (1 kg = 14,95 €)","Fleisch & Fisch","False","https://img.rewe-static.de/0404683/2081850_digital-image.png"
"Deutsche See Lachsstremel 120g","Deutsche See","4009239617276","5.49","120g (1 kg = 45,75 €)","Fleisch & Fisch","False","https://img.rewe-static.de/8411672/30792907_digital-image.png"
"Meisterklasse Schinkenzwiebelmettwurst 200g","Meisterklasse","4006784006333","2.29","200g (1 kg = 11,45 €)","Fleisch & Fisch","False","https://img.rewe-static.de/5926556/3903460_digital-image.png"
"REWE Beste Wahl Schnitzel vegan 400g","REWE Beste Wahl","4337256673273","3.39","400g (1 kg = 8,48 €)","Fleisch & Fisch","False","https://img.rewe-static.de/8961953/40761977_digital-image.png"
"Bernard Matthews Hähnchen-Filetstreifen gebraten 125g","Bernard Matthews Oldenburg","4002993071100","2.69","125g (1 kg = 21,52 €)","Fleisch & Fisch","False","https://img.rewe-static.de/2935961/2132550_digital-image.png"
"Wilhelm Brandenburg Hähnchenfilet mit Ananas & Mandarinen in Aspik 100g","Wilhelm Brandenburg","4337256514477","1.79","100g (1 kg = 17,90 €)","Fleisch & Fisch","False","https://img.rewe-static.de/1268067/22437666_digital-image.png"
"REWE Beste Wahl Dino Nuggets vegan 250g","REWE Beste Wahl","4337256675000","2.19","250g (1 kg = 8,76 €)","Fleisch & Fisch","False","https://img.rewe-static.de/8969656/40979398_digital-image.png"
"BiFi Original Salami 6x20g","BiFi","4251097411491","2.99","6x20g (1 kg = 24,92 €)","Fleisch & Fisch","False","https://img.rewe-static.de/8899467/38898732_digital-image.png"
"Rügenwalder Mühle Würstchen vegetarisch 165g","Rügenwalder Mühle","4000405002308","2.49","165g (1 kg = 15,09 €)","Fleisch & Fisch","True","https://img.rewe-static.de/9021942/41475101_digital-image.png"
"Wilhelm Brandenburg Backleberkäse 500g","Wilhelm Brandenburg","4021782783055","3.99","500g (1 kg = 7,98 €)","Fleisch & Fisch","False","https://img.rewe-static.de/3459578/29308817_digital-image.png"
"Börner Eisenacher Stracke 100g","Börner Eisenacher","4004352410322","2.09","100g (1 kg = 20,90 €)","Fleisch & Fisch","False","https://img.rewe-static.de/1416290/23689171_digital-image.png"
"Höhenrainer Puten-Schnitzel","Höhenrainer","4009335092403","3.29","1 Stück ca. 150 g (1 kg = 21,90 €)","Fleisch & Fisch","False","https://img.rewe-static.de/1348416/23285998_digital-image.png"
"Popp Feinster Geflügelsalat 150g","Popp","4045800771015","2.29","150g (1 kg = 15,27 €)","Fleisch & Fisch","False","https://img.rewe-static.de/0029568/23659094_digital-image.png"
"REWE Bio Original Nürnberger Rostbratwürstchen 160g","REWE Bio","4337256207881","3.49","160g (1 kg = 21,81 €)","Fleisch & Fisch","False","https://img.rewe-static.de/0333139/26083268_digital-image.png"
"BiFi Salami Roll 3x45g","BiFi","4251097409818","2.99","3x45g (1 kg = 22,15 €)","Fleisch & Fisch","False","https://img.rewe-static.de/8404280/30415990_digital-image.png"
"Greenforce Fertigmischung Vegane Frikadelle 75g","GREENFORCE","4260322212291","2.99","75g (1 kg = 39,87 €)","Fleisch & Fisch","False","https://img.rewe-static.de/7806289/35899897_digital-image.png"
"Rügenwalder Mühle Pommersche Feine Gutsleberwurst","Rügenwalder Mühle","4000405005101","2.19","1 Stück ca. 100 g (1 kg = 21,90 €)","Fleisch & Fisch","False","https://img.rewe-static.de/2040084/25064809_digital-image.png"
"REWE Beste Wahl Delikatess-Käsesalami 80g","REWE Beste Wahl","4337256118545","1.89","80g (1 kg = 23,63 €)","Fleisch & Fisch","False","https://img.rewe-static.de/0135754/22379957_digital-image.png"
"Rinderbraten aus der Keule vom Jungbullen","NA","2705670000005","7.2","1 Stück ca. 500 g (1 kg = 14,40 €)","Fleisch & Fisch","True","https://img.rewe-static.de/0729014/23062450_digital-image.png"
"Wiesenhof Hähnchen-Grillbraten 80g","Wiesenhof","4019467438208","1.99","80g (1 kg = 24,88 €)","Fleisch & Fisch","False","https://img.rewe-static.de/1494585/43948382_digital-image.png"
"Gutfried Hähnchensalami 80g","Gutfried","4003171021351","1.69","80g (1 kg = 21,13 €)","Fleisch & Fisch","False","https://img.rewe-static.de/7203736/27484168_digital-image.png"
"Gefl.Gutswurst n.Art e.gr Gefl.Jagd","Gutfried","2282550000008","1.99","1 Stück ca. 100 g (1 kg = 19,90 €)","Fleisch & Fisch","False","https://img.rewe-static.de/8286718/29091020_digital-image.png"
"REWE Beste Wahl Stremellachs Natur 125g","REWE Beste Wahl","4337256870535","3.49","125g","Fleisch & Fisch","False","https://img.rewe-static.de/9973847/45711738_digital-image.png"
"Pfeifer Delikateß-Leberwurst fein 200g","Pfeifer","4011473031381","3.49","200g (1 kg = 17,45 €)","Fleisch & Fisch","False","https://img.rewe-static.de/1319107/32224594_digital-image.png"
"Reinert Schinken Nuggetz herzhaft 3x50g","Reinert","4006229691216","2.99","150g (1 kg = 19,93 €)","Fleisch & Fisch","False","https://img.rewe-static.de/4340388/1391540_digital-image.png"
"Berief Bio Tofu Natur 2x200g","Berief","4260095520104","3.29","2x200g (1 kg = 8,23 €)","Fleisch & Fisch","False","https://img.rewe-static.de/0354687/40362169_digital-image.png"
"Kalnik Original Pfälzer Leberwurst","Kalnik","4009238001069","0.99","1 Stück ca. 100 g (1 kg = 9,90 €)","Fleisch & Fisch","True","https://img.rewe-static.de/7001287/41503078_digital-image.png"
"Wilhelm Brandenburg Wiener Würstchen 150g","Wilhelm Brandenburg","4337256317870","2.39","150g (1 kg = 15,93 €)","Fleisch & Fisch","False","https://img.rewe-static.de/0072415/31404475_digital-image.png"
"Wilhelm Brandenburg aus der Region Puten-Geschnetzeltes 400g","Wilhelm Brandenburg","4337256856805","7.49","400g (1 kg = 18,73 €)","Fleisch & Fisch","False","https://img.rewe-static.de/7567466/45302719_digital-image.png"
"Wilhelm Brandenburg Kasseler Nacken ohne Knochen ca. 800g","Wilhelm Brandenburg","2174550000006","7.04","1 Stück ca. 800 g (1 kg = 8,80 €)","Fleisch & Fisch","True","https://img.rewe-static.de/7382502/21720276_digital-image.png"
"REWE Beste Wahl Delikatess Feinschmecker Salami 70g","REWE Beste Wahl","4337256468718","1.89","70g (1 kg = 27 €)","Fleisch & Fisch","False","https://img.rewe-static.de/8775448/36754783_digital-image.png"
"Wilhelm Brandenburg Delikatess-Leberwurst grob 135g","Wilhelm Brandenburg","4337256498753","2.59","135g (1 kg = 19,19 €)","Fleisch & Fisch","False","https://img.rewe-static.de/0084588/37384387_digital-image.png"
"Popp Fleischsalat ohne Gurke 200g","Popp","4045800236255","1.79","200g (1 kg = 8,95 €)","Fleisch & Fisch","False","https://img.rewe-static.de/0728203/10785950_digital-image.png"
"Meine Lieblings Garnelen ASC 80g","Krone","4006451000183","2.99","80g (1 kg = 37,38 €)","Fleisch & Fisch","False","https://img.rewe-static.de/8284665/29525495_digital-image.png"
"Gutfried Corned Turkey 100g","Gutfried","4003171002855","1.99","100g (1 kg = 19,90 €)","Fleisch & Fisch","False","https://img.rewe-static.de/4669762/2590050_digital-image.png"
"Popp Feinster Fleischsalat ohne Gurke 400g","Popp","4045800210217","2.99","400g (1 kg = 7,48 €)","Fleisch & Fisch","False","https://img.rewe-static.de/4139860/3106020_digital-image.png"
"REWE Beste Wahl Garnelensalat in Cocktailsauce 150g","REWE Beste Wahl","4337256097758","2.59","150g (1 kg = 17,27 €)","Fleisch & Fisch","False","https://img.rewe-static.de/0318536/24802567_digital-image.png"
"Mayo Feinkost Fleischsalat 200g","Mayo Feinkost","4009457380020","1.59","200g (1 kg = 7,95 €)","Fleisch & Fisch","False","https://img.rewe-static.de/8360260/5823530_digital-image.png"
"Wilhelm Brandenburg Bierschinken","Wilhelm Brandenburg","4006784925306","0.99","1 Stück ca. 100 g (1 kg = 9,90 €)","Fleisch & Fisch","True","https://img.rewe-static.de/9936291/47032288_digital-image.png"
"Wiltmann Zwiebelwurst gekocht","Wiltmann","4001956465000","2.19","1 Stück ca. 100 g (1 kg = 21,90 €)","Fleisch & Fisch","False","https://img.rewe-static.de/2412659/3395660_digital-image.png"
"Gutfried Geflügel-Fleischwurst Die Kleine 200g","Gutfried","4003171031664","2.29","200g (1 kg = 11,45 €)","Fleisch & Fisch","False","https://img.rewe-static.de/8434814/31030741_digital-image.png"
"Herta Finesse Schinken mit Belém-Pfeffer 100g","Herta","4000582185399","2.49","100g (1 kg = 24,90 €)","Fleisch & Fisch","False","https://img.rewe-static.de/2327547/23569210_digital-image.png"
"Coraya Surimi Sticks 100g, 6 Sticks","NA","3276170012762","1.49","100g (1 kg = 14,90 €)","Fleisch & Fisch","False","https://img.rewe-static.de/2887717/26927293_digital-image.png"
"Metten Rindfleischsalami in Scheiben","Metten","4008401140178","3.19","1 Stück ca. 100 g (1 kg = 31,90 €)","Fleisch & Fisch","False","https://img.rewe-static.de/8221588/25783421_digital-image.png"
"Ferdi Fuchs Mini Würstchen 5x20g","Ferdi Fuchs","4006639070397","1.59","5x20g (1 kg = 15,90 €)","Fleisch & Fisch","False","https://img.rewe-static.de/8693099/9163430_digital-image.png"
"Gutfried Putenbraten Roast Turkey 100g","Gutfried","4003171061227","2.19","100g (1 kg = 21,90 €)","Fleisch & Fisch","False","https://img.rewe-static.de/8812977/2213910_digital-image.png"
"Reinert Bärchen-Streich 125g","Reinert","4006229434714","2.39","125g (1 kg = 19,12 €)","Fleisch & Fisch","False","https://img.rewe-static.de/5755573/31297395_digital-image.png"
"Wilhelm Brandenburg Hähnchen Geschnetzeltes 500g","Wilhelm Brandenburg","4337256276726","4.99","500g (1 kg = 9,98 €)","Fleisch & Fisch","False","https://img.rewe-static.de/8653970/35727247_digital-image.png"
"Metten Hähnchenfilet in Aspik mit Frucht in Scheiben","Metten","4008401540039","1.79","1 Stück ca. 100 g (1 kg = 17,90 €)","Fleisch & Fisch","False","https://img.rewe-static.de/5008867/27915051_digital-image.png"
"Wilhelm Brandenburg Delikatess Leberpaté 100g","Wilhelm Brandenburg","4337256427517","1.79","100g (1 kg = 17,90 €)","Fleisch & Fisch","False","https://img.rewe-static.de/2950896/26111843_digital-image.png"
"Gutfried Wie Lachsschinken Pfeffer Vegan 70g","Gutfried","4003171040925","1.99","70g (1 kg = 28,43 €)","Fleisch & Fisch","False","https://img.rewe-static.de/8998676/40922034_digital-image.png"
"Metten Roastbeef in Scheiben","Metten","4008401510223","5.19","1 Stück ca. 100 g (1 kg = 51,90 €)","Fleisch & Fisch","False","https://img.rewe-static.de/6530362/1319550_digital-image.png"
"Reinert Hähnchen in Aspik in Scheiben","Reinert","4006229316423","1.49","1 Stück ca. 100 g (1 kg = 14,90 €)","Fleisch & Fisch","False","https://img.rewe-static.de/7812019/908790_digital-image.png"
"Roastbeef Steak vom Jungbullen 300g","NA","2705720000009","8.97","1 Stück ca. 300 g (1 kg = 29,90 €)","Fleisch & Fisch","False","https://img.rewe-static.de/0729034/44270195_digital-image.png"
"Mortadella mit Pistazien","NA","4006784922282","0.99","1 Stück ca. 100 g (1 kg = 9,90 €)","Fleisch & Fisch","True","https://img.rewe-static.de/9935966/47008195_digital-image.png"
"Wilhelm Brandenburg Kasseler Lachsscheiben roh 250g","Wilhelm Brandenburg","4388844169609","2.99","250g (1 kg = 11,96 €)","Fleisch & Fisch","False","https://img.rewe-static.de/2314845/24724937_digital-image.png"
"Du darfst Apfel-Zwiebel-Leberwurst 100g","Du darfst","4063762546151","1.59","100g (1 kg = 15,90 €)","Fleisch & Fisch","False","https://img.rewe-static.de/2279203/22979106_digital-image.png"
"Timmendorfer Rügenwalder Teewurst fein","NA","2268890000007","1.99","1 Stück ca. 100 g (1 kg = 19,90 €)","Fleisch & Fisch","False","https://img.rewe-static.de/9090490/43817219_digital-image.png"
"Reinert Pikant-Mix-Gemüse in Aspik","Reinert","4006229354425","1.49","1 Stück ca. 100 g (1 kg = 14,90 €)","Fleisch & Fisch","False","https://img.rewe-static.de/5307040/3535990_digital-image.png"
"Wiesbauer Feine Extra 80g","Wiesbauer","9002668514357","1.69","80g (1 kg = 21,13 €)","Fleisch & Fisch","False","https://img.rewe-static.de/1907573/3154500_digital-image.png"
"Fulya Dilimli Hindi Salami 250g","Fulya","4027394007503","3.89","250g (1 kg = 15,56 €)","Fleisch & Fisch","False","https://img.rewe-static.de/1070473/22421728_digital-image.png"
"Abraham Kernschinken luftgetrocknet 80g","Abraham","4006431706135","2.19","80g (1 kg = 27,38 €)","Fleisch & Fisch","False","https://img.rewe-static.de/0672094/12158650_digital-image.png"
"Berschneider Lachsschinken Pariser Art 100g","Berschneider","4011436101809","2.19","1 Stück ca. 100 g (1 kg = 21,90 €)","Fleisch & Fisch","False","https://img.rewe-static.de/7228856/22259224_digital-image.png"
"Timmendorfer Matrosenwurst","NA","2290300000000","2.49","1 Stück ca. 100 g (1 kg = 24,90 €)","Fleisch & Fisch","False","https://img.rewe-static.de/7637817/43817070_digital-image.png"
"Wilhelm Brandenburg Hähnchen-Mägen 350g","Wilhelm Brandenburg","4337256153775","1.99","350g (1 kg = 5,69 €)","Fleisch & Fisch","False","https://img.rewe-static.de/7955133/35606243_digital-image.png"
"Probsteier Streichmettwurst grob im Ring","Pfeifer","28371694","1.75","1 Stück ca. 80 g (1 kg = 21,90 €)","Fleisch & Fisch","False","https://img.rewe-static.de/7168131/27734407_digital-image.png"
"Wilhelm Brandenburg Kalbfleisch-Leberwurst 150g","Wilhelm Brandenburg","4337256258654","2.29","150g (1 kg = 15,27 €)","Fleisch & Fisch","False","https://img.rewe-static.de/0072489/2089770_digital-image.png"
"Snack !t Kabanos Classic 120g","NA","5908230523182","2.79","120g","Fleisch & Fisch","False","https://img.rewe-static.de/7961862/46626667_digital-image.png"
"Rügenwalder Mühle Veganes Mühlen Hack 250g","Rügenwalder Mühle","4000405001585","3.29","250g (1 kg = 13,16 €)","Fleisch & Fisch","False","https://img.rewe-static.de/8401354/31071889_digital-image.png"
"Citterio Taglio Fresco Italienische Salami Milano 70g","Citterio","80551072","2.79","70g (1 kg = 39,86 €)","Fleisch & Fisch","False","https://img.rewe-static.de/2563541/3847660_digital-image.png"
"Homann Metzger Kräuter Fleischsalat 200g","Homann","8710506083507","1.89","200g (1 kg = 9,45 €)","Fleisch & Fisch","False","https://img.rewe-static.de/8693053/34907488_digital-image.png"
"Rügenwalder Mühle Pommersche Gutsleberwurst grob","Rügenwalder Mühle","4000405005118","2.19","1 Stück ca. 100 g (1 kg = 21,90 €)","Fleisch & Fisch","False","https://img.rewe-static.de/2040091/25736190_digital-image.png"
"REWE Regional Rostbratwurst 480g","REWE Regional","4337256295925","5.99","480g (1 kg = 12,48 €)","Fleisch & Fisch","False","https://img.rewe-static.de/7295678/28300770_digital-image.png"
"Aki Deutscher Kaviar aus Seehasenrogen 50g","NA","5701087010504","2.99","50g (1 kg = 59,80 €)","Fleisch & Fisch","False","https://img.rewe-static.de/0557422/41086303_digital-image.png"
"LikeMeat Like Grilled Chicken vegan 180g","LikeMeat","4260380665039","3.29","180g (1 kg = 18,28 €)","Fleisch & Fisch","False","https://img.rewe-static.de/8898335/38811025_digital-image.png"
"Timmendorfer Rügenwalder Teewurst grob","NA","2265520000000","1.99","1 Stück ca. 100 g (1 kg = 19,90 €)","Fleisch & Fisch","False","https://img.rewe-static.de/7581970/43817068_digital-image.png"
"Schweine Krustenbraten Keule","NA","28022596","4.95","1 Stück ca. 500 g (1 kg = 9,90 €)","Fleisch & Fisch","False","https://img.rewe-static.de/8281249/32401255_digital-image.png"
"Popp Feinster Fleischsalat mit Lauch 200g","Popp","4045800771305","1.79","200g (1 kg = 8,95 €)","Fleisch & Fisch","False","https://img.rewe-static.de/8384022/30467558_digital-image.png"
"Popp Brotaufstrich Fleischsalat 150g","Popp","4045800213263","1.79","150g (1 kg = 11,93 €)","Fleisch & Fisch","False","https://img.rewe-static.de/4121139/22052516_digital-image.png"
"Mayo Krabbensalat 150g","Mayo Feinkost","4009457381591","2.59","150g (1 kg = 17,27 €)","Fleisch & Fisch","False","https://img.rewe-static.de/8411301/23474046_digital-image.png"
"El Pozo Spanische Salami Fuetec Iberico 150g","El Pozo","8410843105152","4.29","150g (1 kg = 28,60 €)","Fleisch & Fisch","False","https://img.rewe-static.de/3149383/26790531_digital-image.png"
"Wilhelm Brandenburg Flämische Leberpaté mit Schnittlauch 100g","Wilhelm Brandenburg","4337256426435","1.79","100g (1 kg = 17,90 €)","Fleisch & Fisch","False","https://img.rewe-static.de/2950926/26111475_digital-image.png"
"Gutfried Hähnchenbraten Roast Chicken 100g","Gutfried","4003171000349","2.19","100g (1 kg = 21,90 €)","Fleisch & Fisch","False","https://img.rewe-static.de/2935664/29376266_digital-image.png"
"Herta Finesse Putenbrust mit Honig 100g","Herta","4000582189694","2.49","100g (1 kg = 24,90 €)","Fleisch & Fisch","False","https://img.rewe-static.de/2327557/23459227_digital-image.png"
"REWE Feine Welt Mortadella mit Pistazien 100g","REWE Feine Welt","4337256468749","2.99","100g (1 kg = 29,90 €)","Fleisch & Fisch","False","https://img.rewe-static.de/7788585/36697621_digital-image.png"
"Rügenwalder Mühle Salami vegan 80g","Rügenwalder Mühle","4000405002476","1.59","80g (1 kg = 19,88 €)","Fleisch & Fisch","False","https://img.rewe-static.de/7636517/41393245_digital-image.png"
"Wiltmann Feine Leberwurst mit Kalbfleisch 200g","Wiltmann","4001956400261","2.39","200g (1 kg = 11,95 €)","Fleisch & Fisch","False","https://img.rewe-static.de/5420610/688590_digital-image.png"
"Billie Green Veganer Bacon 90g","Billie Green","4099498000049","1.99","90g (1 kg = 22,11 €)","Fleisch & Fisch","False","https://img.rewe-static.de/8778253/36494897_digital-image.png"
"Ferdi Fuchs Mini-Salami 4x12,5g","Ferdi Fuchs","4006639178093","1.59","4x12,50g (1 kg = 31,80 €)","Fleisch & Fisch","False","https://img.rewe-static.de/0577145/28305865_digital-image.png"
"Mein Lieblings Lachs ASC 100g","NA","4006451000596","4.29","100g (1 kg = 42,90 €)","Fleisch & Fisch","False","https://img.rewe-static.de/7178907/27381030_digital-image.png"
"Aoste Stickado Pikanto Salami Sticks 70g","Aoste","3449851353007","2.49","70g (1 kg = 35,57 €)","Fleisch & Fisch","False","https://img.rewe-static.de/3337340/2655060_digital-image.png"
"Gutfried Hähnchenfleischwurst 350g","Gutfried","4003171040628","3.49","350g (1 kg = 9,97 €)","Fleisch & Fisch","False","https://img.rewe-static.de/2836773/26364738_digital-image.png"
"Wilhelm Brandenburg Jagdwurst 100g","Wilhelm Brandenburg","4337256868471","0.99","100g (1 kg = 9,90 €)","Fleisch & Fisch","True","https://img.rewe-static.de/0489061/7130140_digital-image.png"
"Rügenwalder Mühle Vegane Pommersche Schnittlauch 125g","Rügenwalder Mühle","4000405002360","2.49","125g (1 kg = 19,92 €)","Fleisch & Fisch","False","https://img.rewe-static.de/9058350/40173354_digital-image.png"
"Homann Metzger Fleischsalat 200g","Homann","8710506083484","1.89","200g (1 kg = 9,45 €)","Fleisch & Fisch","False","https://img.rewe-static.de/7836245/34907510_digital-image.png"
"REWE Beste Wahl Gyros vegan 300g","REWE Beste Wahl","4337256542159","2.29","300g (1 kg = 7,63 €)","Fleisch & Fisch","False","https://img.rewe-static.de/8767175/36319624_digital-image.png"
"Rügenwalder Mühle Vegane Mühlen Salami Klassisch 80g","Rügenwalder Mühle","4000405005316","1.59","80g (1 kg = 19,88 €)","Fleisch & Fisch","False","https://img.rewe-static.de/2873924/25310525_digital-image.png"
"Herta Original Knacki 210g","Herta","4000582292493","1.69","210g (1 kg = 8,05 €)","Fleisch & Fisch","True","https://img.rewe-static.de/9960487/44954857_digital-image.png"
"Rügenwälder Mühle Vegane Pommersche fein 125g","Rügenwalder Mühle","4000405002353","2.49","125g (1 kg = 19,92 €)","Fleisch & Fisch","False","https://img.rewe-static.de/8971158/40169790_digital-image.png"
"Wilhelm Brandenburg Schnittlauch-Leberwurst 150g","Wilhelm Brandenburg","4337256567558","2.39","150g (1 kg = 15,93 €)","Fleisch & Fisch","False","https://img.rewe-static.de/0073654/7386680_digital-image.png"
"Wilhelm Brandenburg Mortadella mit Champignons 100g","Wilhelm Brandenburg","4337256860987","0.99","100g (1 kg = 9,90 €)","Fleisch & Fisch","True","https://img.rewe-static.de/0489151/6512560_digital-image.png"
"Wilhelm Brandenburg Zwiebelmett Kugel","Wilhelm Brandenburg","2178950000000","1.11","1 Stück ca. 80 g (1 kg = 13,90 €)","Fleisch & Fisch","True","https://img.rewe-static.de/2096813/26501069_digital-image.png"
"Rügenwalder Mühle Veganes Mühlen Mett Fein 100g","Rügenwalder Mühle","4000405001714","1.89","100g (1 kg = 18,90 €)","Fleisch & Fisch","False","https://img.rewe-static.de/8771225/36084383_digital-image.png"
"Campofrio Serrano-Schinken 80g","Campofrio","8410320027779","2.39","80g (1 kg = 29,88 €)","Fleisch & Fisch","False","https://img.rewe-static.de/7890168/6466630_digital-image.png"
"Tukan Bio Räuchertofu vegan 200g","Tukan","4012359711106","3.29","200g (1 kg = 16,45 €)","Fleisch & Fisch","False","https://img.rewe-static.de/3439790/33920350_digital-image.png"
"Yutaka Sushi Nori 11g (5 Blatt)","NA","5014276130038","2.59","11g (1 kg = 235,45 €)","Fleisch & Fisch","False","https://img.rewe-static.de/2087231/34030766_digital-image.png"
"Hänchenbrustpastete mit Spargel","NA","5411319021474","1.99","1 Stück ca. 100 g (1 kg = 19,90 €)","Fleisch & Fisch","False","https://img.rewe-static.de/2683466/23674585_digital-image.png"
"Herta Finesse Schinken im Ofen gegrillt 100g","Herta","4000582185498","2.49","100g (1 kg = 24,90 €)","Fleisch & Fisch","False","https://img.rewe-static.de/2327548/23569216_digital-image.png"
"Mein Lieblings Stremellachs ASC 90g","NA","4064872001189","3.79","90g (1 kg = 42,11 €)","Fleisch & Fisch","False","https://img.rewe-static.de/9984294/44209596_digital-image.png"
"Wilhelm Brandenburg Guts-Rotwurst 100g","Wilhelm Brandenburg","4337256692366","1.99","100g (1 kg = 19,90 €)","Fleisch & Fisch","False","https://img.rewe-static.de/0135945/5198200_digital-image.png"
"LikeMeat Like Hack vegan 180g","LikeMeat","4260380665091","3.29","180g (1 kg = 18,28 €)","Fleisch & Fisch","False","https://img.rewe-static.de/7705848/38443366_digital-image.png"
"Böklunder Kräuterleberwurst 200g","Böklunder","4000404114484","1.99","200g (1 kg = 9,95 €)","Fleisch & Fisch","False","https://img.rewe-static.de/8335259/33997124_digital-image.png"
"Schinkenkoch Mettwurst Mini 275g","NA","4011473015688","4.99","275g (1 kg = 18,15 €)","Fleisch & Fisch","False","https://img.rewe-static.de/0211763/26443836_digital-image.png"
"Wilhelm Brandenburg Italienische Mortadella mit Pistazien 100g","Wilhelm Brandenburg","4337256674041","1.99","100g (1 kg = 19,90 €)","Fleisch & Fisch","False","https://img.rewe-static.de/7268716/28298625_digital-image.png"
"Imperial Hähnchensalami in Scheiben","NA","5411328123923","2.59","1 Stück ca. 100 g (1 kg = 25,90 €)","Fleisch & Fisch","False","https://img.rewe-static.de/1269111/30616979_digital-image.png"
"REWE Beste Wahl Mini Frikadellen vegan 200g","REWE Beste Wahl","4337256533300","1.99","200g (1 kg = 9,95 €)","Fleisch & Fisch","False","https://img.rewe-static.de/8854037/37921271_digital-image.png"
"Wilhelm Brandenburg Hähnchen Leber 350g","Wilhelm Brandenburg","4337256159265","1.99","350g (1 kg = 5,69 €)","Fleisch & Fisch","False","https://img.rewe-static.de/7956078/35606234_digital-image.png"
"Popp Brotaufstrich Heringssalat rot 150g","Popp","4045800302264","1.79","150g (1 kg = 11,93 €)","Fleisch & Fisch","False","https://img.rewe-static.de/9172556/2542490_digital-image.png"
"Herta Finesse Hähnchenbrust hauchzart mit Honig 100g","Herta","4000582370696","2.49","100g (1 kg = 24,90 €)","Fleisch & Fisch","False","https://img.rewe-static.de/8410136/31161279_digital-image.png"
"Tillman's Toasty Hähnchenbrustfilet 4x70g","Tillman's","4043362621748","3.69","4x70g (1 kg = 13,18 €)","Fleisch & Fisch","False","https://img.rewe-static.de/0433704/1218480_digital-image.png"
"Wilhelm Brandenburg Leberwurst mit Kalbfleisch","Wilhelm Brandenburg","2106490000006","1.49","1 Stück ca. 100 g (1 kg = 14,90 €)","Fleisch & Fisch","False","https://img.rewe-static.de/9065593/43558577_digital-image.png"
"REWE Regional Kernschinken luftgetrocknet 80g","REWE Regional","4337256323314","2.39","80g (1 kg = 29,88 €)","Fleisch & Fisch","False","https://img.rewe-static.de/7274539/28326820_digital-image.png"
"Wilhelm Brandenburg Sportler-Salami 80g","Wilhelm Brandenburg","4337256631907","1.99","80g (1 kg = 24,88 €)","Fleisch & Fisch","False","https://img.rewe-static.de/8274829/29337609_digital-image.png"
"REWE Bio Jagdwurst 70g","REWE Bio","4337256211451","1.49","70g (1 kg = 21,29 €)","Fleisch & Fisch","False","https://img.rewe-static.de/1994616/21787799_digital-image.png"
"Nordsee Backfisch mit Remoulade 210g","Nordsee","4021900010698","3.49","210g (1 kg = 16,62 €)","Fleisch & Fisch","False","https://img.rewe-static.de/7670835/39709233_digital-image.png"
"Müller's Heidefrühstück nach Sülze-Art fein zerkleinert 80g","Müller's Hausmacher Wurst","40354743","1.69","80g (1 kg = 21,13 €)","Fleisch & Fisch","False","https://img.rewe-static.de/2044996/23473996_digital-image.png"
"Hackfleisch gemischt","NA","2216030000004","1.19","1 Stück ca. 100 g (1 kg = 11,90 €)","Fleisch & Fisch","False","https://img.rewe-static.de/9042323/43814724_digital-image.png"
"Hähnchenbrustfilet","NA","26277851","3.38","1 Stück ca. 200 g (1 kg = 16,90 €)","Fleisch & Fisch","False","https://img.rewe-static.de/9978420/45162219_digital-image.png"
"REWE Beste Wahl Pommersche Gutsleberwurst 4x40g","REWE Beste Wahl","4337256487573","2.19","160g (1 kg = 13,69 €)","Fleisch & Fisch","False","https://img.rewe-static.de/8313594/29893646_digital-image.png"
"REWE Bio Geflügelbratwurst 160g","REWE Bio","4337256210843","3.49","160g (1 kg = 21,81 €)","Fleisch & Fisch","False","https://img.rewe-static.de/7183743/27515306_digital-image.png"
"Houdek Kabanos Klassik","Houdek","4004786010211","2.49","1 Stück ca. 100 g (1 kg = 24,90 €)","Fleisch & Fisch","False","https://img.rewe-static.de/7501978/16779190_digital-image.png"
"Aoste Baguette Salami in Scheiben","NA","4337256368322","2.99","1 Stück ca. 100 g (1 kg = 29,90 €)","Fleisch & Fisch","False","https://img.rewe-static.de/7230958/11353010_digital-image.png"
"REWE Feine Welt Salsiccia Fenchel 300g","REWE Feine Welt","4337256656351","4.99","300g (1 kg = 16,63 €)","Fleisch & Fisch","False","https://img.rewe-static.de/8298740/29275959_digital-image.png"
"Herta Finesse Hähnchenbrust Kräuter Provence 100g","Herta","4000582188291","2.49","100g (1 kg = 24,90 €)","Fleisch & Fisch","False","https://img.rewe-static.de/7572482/44036947_digital-image.png"
"Wilhelm Brandenburg Kesselschinken geräuchert 100g","Wilhelm Brandenburg","4337256509787","2.29","100g (1 kg = 22,90 €)","Fleisch & Fisch","False","https://img.rewe-static.de/8087901/30323466_digital-image.png"
"Butcher's Burger Round Bacon Bauchspeck 80g","Butcher's Burger","4337256098731","1.29","80g (1 kg = 16,13 €)","Fleisch & Fisch","False","https://img.rewe-static.de/8535145/32568779_digital-image.png"
"Drews Geflügelsalat 150g","Drews","4006495180803","2.49","150g (1 kg = 16,60 €)","Fleisch & Fisch","False","https://img.rewe-static.de/6323901/3760840_digital-image.png"
"LikeMeat Like Döner vegan 180g","LikeMeat","4260380665077","3.29","180g (1 kg = 18,28 €)","Fleisch & Fisch","False","https://img.rewe-static.de/8098384/38443402_digital-image.png"
"Wilhelm Brandenburg Tyrolini mild 90g","Wilhelm Brandenburg","4337256184052","2.59","90g (1 kg = 28,78 €)","Fleisch & Fisch","False","https://img.rewe-static.de/8534001/42069701_digital-image.png"
"Pluma Flämische Leberpastete 100g","Pluma","5411461185741","1.49","100g (1 kg = 14,90 €)","Fleisch & Fisch","False","https://img.rewe-static.de/8178461/20506728_digital-image.png"
"Wilhelm Brandenburg Salami mit Pfeffer 80g","Wilhelm Brandenburg","4337256618175","1.99","80g (1 kg = 24,88 €)","Fleisch & Fisch","False","https://img.rewe-static.de/7066800/26925510_digital-image.png"
"Homann Metzger Fleischsalat 350g","Homann","8710506083521","2.49","350g (1 kg = 7,11 €)","Fleisch & Fisch","False","https://img.rewe-static.de/8694054/34936942_digital-image.png"
"Wilhelm Brandenburg Rinder-Leber ca. 300g","Wilhelm Brandenburg","2175750000001","2.07","1 Stück ca. 300 g (1 kg = 6,90 €)","Fleisch & Fisch","False","https://img.rewe-static.de/2554275/21710999_digital-image.png"
"Wiltmann Rein Rind Salmi 70g","Wiltmann","4001956212673","1.99","70g (1 kg = 28,43 €)","Fleisch & Fisch","False","https://img.rewe-static.de/9149700/43059829_digital-image.png"
"Aoste Stickado-Brot mit Salami 90g","Aoste","4022813198503","2.49","90g (1 kg = 27,67 €)","Fleisch & Fisch","False","https://img.rewe-static.de/9062274/42596370_digital-image.png"
"The Vegetarian Butcher Crispy Chickimicki Burger vegan 180g","The Vegetarian Butcher","8720182095206","3.19","180g (1 kg = 17,72 €)","Fleisch & Fisch","False","https://img.rewe-static.de/8635566/34397448_digital-image.png"
"Wilhelm Brandenburg Hähnchen-Ministeaks 400g","Wilhelm Brandenburg","4337256157650","5.99","400g (1 kg = 14,98 €)","Fleisch & Fisch","False","https://img.rewe-static.de/8506882/35606252_digital-image.png"
"Gutfried Geflügel-Salami 80g","Gutfried","4003171029456","1.99","80g (1 kg = 24,88 €)","Fleisch & Fisch","False","https://img.rewe-static.de/8384748/30878041_digital-image.png"
"Gutfried Geflügel Fleischwurst oval","NA","4003171025144","1.99","1 Stück ca. 100 g (1 kg = 19,90 €)","Fleisch & Fisch","False","https://img.rewe-static.de/8090221/29149024_digital-image.png"
"Bernard Matthews Puten-Filetstreifen 125g","Bernard Matthews Oldenburg","4002993070103","2.69","125g (1 kg = 21,52 €)","Fleisch & Fisch","False","https://img.rewe-static.de/8604762/2132540_digital-image.png"
"Feinkost Popp Fleischsalat 400g","Popp","4045800201222","2.39","400g (1 kg = 5,98 €)","Fleisch & Fisch","False","https://img.rewe-static.de/8838772/36867817_digital-image.png"
"Probsteier Grobe Streichmettwurst mit Knoblauch am Stück","NA","2101690000009","1.75","1 Stück ca. 80 g (1 kg = 21,90 €)","Fleisch & Fisch","False","https://img.rewe-static.de/0969689/21042843_digital-image.png"
"Rügenwalder Teewurst grob 200g","Wilhelm Brandenburg","4006784006142","2.89","200g (1 kg = 14,45 €)","Fleisch & Fisch","False","https://img.rewe-static.de/0592797/5682670_digital-image.png"
"Wiesbauer Weinviertler Winzerwurst 80g","Wiesbauer","9002668512094","2.39","80g (1 kg = 29,88 €)","Fleisch & Fisch","False","https://img.rewe-static.de/4937228/21289246_digital-image.png"
"Wiltmann REWE Salami","REWE","2246500000005","2.19","1 Stück ca. 100 g (1 kg = 21,90 €)","Fleisch & Fisch","False","https://img.rewe-static.de/8367454/30652560_digital-image.png"
"Ferdi Fuchs Pizza-Roll Salami 2x24g","Ferdi Fuchs","4006639216207","1.59","2x24g (1 kg = 33,13 €)","Fleisch & Fisch","False","https://img.rewe-static.de/7718153/37744139_digital-image.png"
"R&S Magere Rindsmettwurst am Stück","NA","4005855335099","3.74","1 Stück ca. 125 g (1 kg = 29,90 €)","Fleisch & Fisch","False","https://img.rewe-static.de/2465755/25515217_digital-image.png"
"REWE Regional Curry-Bockwurst in Eigenhaut 540g","REWE Regional","4337256288439","6.99","540g (1 kg = 12,94 €)","Fleisch & Fisch","False","https://img.rewe-static.de/7296485/28213635_digital-image.png"
"Jungbullen Entrecote 300g","NA","2705830000005","8.97","1 Stück ca. 300 g (1 kg = 29,90 €)","Fleisch & Fisch","False","https://img.rewe-static.de/1360997/26589714_digital-image.png"
"Wilhelm Brandenburg Kasseler Abschnitte ca. 800g","Wilhelm Brandenburg","2174810000005","6.39","1 Stück ca. 800 g (1 kg = 7,99 €)","Fleisch & Fisch","False","https://img.rewe-static.de/0435749/23061726_digital-image.png"
"Garden Gourmet Sensational Knusper-Filets Hähnchen-Art vegan 190g","Garden Gourmet","8445290384669","2.99","190g (1 kg = 15,74 €)","Fleisch & Fisch","False","https://img.rewe-static.de/8863624/37588145_digital-image.png"
"Querrippe vom Jungbullen","NA","2705800000004","2.38","1 Stück ca. 200 g (1 kg = 11,90 €)","Fleisch & Fisch","False","https://img.rewe-static.de/0729047/23062235_digital-image.png"
"Wilhelm Brandenburg Champignon Lyoner","NA","4006784922299","0.99","1 Stück ca. 100 g (1 kg = 9,90 €)","Fleisch & Fisch","True","https://img.rewe-static.de/9936446/47033587_digital-image.png"
"Timmendorfer Aalrauch Mettwurst grob","NA","2251380000007","2.29","1 Stück ca. 100 g (1 kg = 22,90 €)","Fleisch & Fisch","False","https://img.rewe-static.de/9001097/42459436_digital-image.png"
"Schweineschnitzel","NA","28024262","1.64","1 Stück ca. 150 g (1 kg = 10,90 €)","Fleisch & Fisch","False","https://img.rewe-static.de/8093592/31352730_digital-image.png"
"Unser Norden REWE Regional Katenschinken, gewürfelt, mager 100g","REWE Regional","4337256303378","2.09","100g (1 kg = 20,90 €)","Fleisch & Fisch","False","https://img.rewe-static.de/7273482/28340106_digital-image.png"
"Timmendorfer Dielenwurst","NA","2237130000008","2.39","1 Stück ca. 100 g (1 kg = 23,90 €)","Fleisch & Fisch","False","https://img.rewe-static.de/9004438/43817218_digital-image.png"
"Wilhelm Brandenburg Kasseler Nacken-Scheiben ca. 400g","Wilhelm Brandenburg","2174590000004","4.0","1 Stück ca. 400 g (1 kg = 9,99 €)","Fleisch & Fisch","False","https://img.rewe-static.de/7522070/23085310_digital-image.png"
"Timmendorfer Aalrauch Mettwurst fein","NA","4006784000225","2.29","1 Stück ca. 100 g (1 kg = 22,90 €)","Fleisch & Fisch","False","https://img.rewe-static.de/7639806/42459237_digital-image.png"
"Timmendorfer Pfeffersäckchen","NA","2219270000001","2.19","1 Stück ca. 100 g (1 kg = 21,90 €)","Fleisch & Fisch","False","https://img.rewe-static.de/9005433/43843011_digital-image.png"
"Wilhelm Brandenburg Kasseler Stielkotelett roh 200g","Wilhelm Brandenburg","2174450000007","2.18","1 Stück ca. 200 g (1 kg = 10,90 €)","Fleisch & Fisch","False","https://img.rewe-static.de/7522592/23085312_digital-image.png"
"Hähnchen-Unterschenkel","NA","26276007","2.23","1 Stück ca. 250 g (1 kg = 8,90 €)","Fleisch & Fisch","False","https://img.rewe-static.de/9979989/47275495_digital-image.png"
"Schweinerückenbraten","NA","28023067","5.45","1 Stück ca. 500 g (1 kg = 10,90 €)","Fleisch & Fisch","False","https://img.rewe-static.de/8281429/31622156_digital-image.png"
"Wulff Kasseler Zwiebelbauch","Wulff","2288580000001","10.76","1 Stück ca. 400 g (1 kg = 26,90 €)","Fleisch & Fisch","False","https://img.rewe-static.de/2032820/26959913_digital-image.png"
"Houdek Kabanos Klassik 150g","Houdek","4004786011522","2.49","2x75g (1 kg = 16,60 €)","Fleisch & Fisch","False","https://img.rewe-static.de/2227614/8708780_digital-image.png"
"BiFi Veggie Roll 2x40g","BiFi","4251097415420","1.99","80g (1 kg = 24,88 €)","Fleisch & Fisch","False","https://img.rewe-static.de/7793183/36361038_digital-image.png"
"Wilhelm Brandenburg Snack-Salami 125g","Wilhelm Brandenburg","4337256518444","2.99","125g (1 kg = 23,92 €)","Fleisch & Fisch","False","https://img.rewe-static.de/1414427/20480252_digital-image.png"
"Wilhelm Brandenburg Peitschen 100g","Wilhelm Brandenburg","4337256641814","2.79","100g (1 kg = 27,90 €)","Fleisch & Fisch","True","https://img.rewe-static.de/0073797/674810_digital-image.png"
"REWE Feine Welt Salami Ciatore 80g","REWE Feine Welt","4337256654470","3.89","80g (1 kg = 48,63 €)","Fleisch & Fisch","False","https://img.rewe-static.de/2927443/25598760_digital-image.png"
"REWE Feine Welt Prosciutto Cotto 100g","REWE Feine Welt","4337256660488","4.49","100g (1 kg = 44,90 €)","Fleisch & Fisch","False","https://img.rewe-static.de/1424183/20580573_digital-image.png"
"Wilhelm Brandenburg Peitschen mit Knoblauch 100g","Wilhelm Brandenburg","4337256655682","2.79","100g (1 kg = 27,90 €)","Fleisch & Fisch","True","https://img.rewe-static.de/1940435/22349595_digital-image.png"
"REWE Bio Hähnchenlyoner Paprika 70g","REWE Bio","4337256803489","1.39","70g (1 kg = 19,86 €)","Fleisch & Fisch","False","https://img.rewe-static.de/7581608/43269936_digital-image.png"
"Gutfried Wie Lachsschinken vegan 70g","Gutfried","4003171040918","1.99","70g (1 kg = 28,43 €)","Fleisch & Fisch","False","https://img.rewe-static.de/7640466/40922189_digital-image.png"
"Wiesbauer Knacker geschnitten 100g","Wiesbauer","9002668524325","1.79","100g (1 kg = 17,90 €)","Fleisch & Fisch","False","https://img.rewe-static.de/0178033/22060651_digital-image.png"
"Krone Graved Lachs mit Senf-Dill-Sauce 100g","Krone","4006451000251","4.49","100g (1 kg = 44,90 €)","Fleisch & Fisch","False","https://img.rewe-static.de/3266314/26400944_digital-image.png"
"Castello Italienische Mortadella in Scheiben","Castello","8008410347182","1.99","1 Stück ca. 100 g (1 kg = 19,90 €)","Fleisch & Fisch","False","https://img.rewe-static.de/5555159/24045682_digital-image.png"
"Rewe Feine Welt Vitello Tonnato 150g","REWE Feine Welt","4337256659253","4.79","150g (1 kg = 31,93 €)","Fleisch & Fisch","False","https://img.rewe-static.de/7246032/28063214_digital-image.png"
"Deutsche See Lachsstremel Bunter Pfeffer 120g","Deutsche See","4009239617221","5.49","120g (1 kg = 45,75 €)","Fleisch & Fisch","False","https://img.rewe-static.de/8411057/30880643_digital-image.png"
"Rückenspeck 400g","NA","4260012120011","2.29","400g (1 kg = 5,73 €)","Fleisch & Fisch","False","https://img.rewe-static.de/7134568/16231270_digital-image.png"
"Gosch Garnelen Aioli 125g","Gosch","4009457784910","3.49","125g (1 kg = 27,92 €)","Fleisch & Fisch","False","https://img.rewe-static.de/1239258/21695843_digital-image.png"
"Popp Geflügelsalat Brotaufstrich Minis 3x40g","Popp","4045800510416","1.89","3x40g (1 kg = 15,75 €)","Fleisch & Fisch","False","https://img.rewe-static.de/2832344/40958367_digital-image.png"
"Popp Schinkensalat Brotaufstrich 150g","Popp","4045800402223","1.79","150g (1 kg = 11,93 €)","Fleisch & Fisch","False","https://img.rewe-static.de/7235083/27940733_digital-image.png"
"Wölke Schinkenkochwurst ca. 100g","NA","2242590000000","1.89","1 Stück ca. 100 g (1 kg = 18,90 €)","Fleisch & Fisch","False","https://img.rewe-static.de/7165361/28488574_digital-image.png"
"Hareico GQSH Wiener Würstchen ca. 1200g","Hareico","27296172","20.28","1 Stück ca. 1200 g (1 kg = 16,90 €)","Fleisch & Fisch","False","https://img.rewe-static.de/8323123/29673821_digital-image.png"
"Hareico GQSH Kieler Knacker ca. 2,1kg","Hareico","2737820000009","35.49","1 Stück ca. 2100 g (1 kg = 16,90 €)","Fleisch & Fisch","False","https://img.rewe-static.de/8070336/29673825_digital-image.png"
"Peas of Heaven Perfekte Chorizo vegan 210g","NA","7350037194818","3.29","210g (1 kg = 15,67 €)","Fleisch & Fisch","False","https://img.rewe-static.de/8782828/36530581_digital-image.png"
"Mayo Nordsee-Krabbensalat 125g","Mayo Feinkost","4009457384318","7.79","125g (1 kg = 62,32 €)","Fleisch & Fisch","False","https://img.rewe-static.de/5603307/23473388_digital-image.png"
"REWE Bio Wiener Würstchen 200g","REWE Bio","4337256905497","3.29","200g (1 kg = 16,45 €)","Fleisch & Fisch","False","https://img.rewe-static.de/0204042/3470510_digital-image.png"
"REWE Bio Geflügelsalami mit Palmfett 70g","REWE Bio","4337256907576","1.79","70g (1 kg = 25,57 €)","Fleisch & Fisch","False","https://img.rewe-static.de/1396702/21127756_digital-image.png"
"REWE Bio + vegan Falafelbällchen 200g","REWE Bio","4337256857086","2.49","200g (1 kg = 12,45 €)","Fleisch & Fisch","False","https://img.rewe-static.de/8324188/29996038_digital-image.png"
"REWE Beste Wahl Salami 1a 80g","REWE Beste Wahl","4337256880510","1.99","80g (1 kg = 24,88 €)","Fleisch & Fisch","False","https://img.rewe-static.de/2120944/22927418_digital-image.png"
"REWE Feine Welt Goldene Brustfilets 2 Stück","REWE Feine Welt","2727540000007","5.97","1 Stück ca. 300 g (1 kg = 19,90 €)","Fleisch & Fisch","False","https://img.rewe-static.de/2082319/21885427_digital-image.png"
"Rügenwalder Mühle Veganer Mühlen Aufschnitt Paprika Typ Hähnchen 70g","Rügenwalder Mühle","4000405003398","1.59","70g (1 kg = 22,71 €)","Fleisch & Fisch","False","https://img.rewe-static.de/8168290/47169886_digital-image.png"
"REWE Feine Welt Salame Milano 80g","REWE Feine Welt","4337256664059","3.49","80g (1 kg = 43,63 €)","Fleisch & Fisch","False","https://img.rewe-static.de/2927343/25714788_digital-image.png"
"Rügenwalder Mühle Veganer Mühlen Aufschnitt Gartenkräuter-Typ Hähnchen 70g","Rügenwalder Mühle","4000405003404","1.59","70g (1 kg = 22,71 €)","Fleisch & Fisch","False","https://img.rewe-static.de/8166949/46815351_digital-image.png"
"Meisterschinken gegart","NA","21977978","1.49","1 Stück ca. 100 g (1 kg = 14,90 €)","Fleisch & Fisch","True","https://img.rewe-static.de/7730202/37693525_digital-image.png"
"REWE Feine Welt Trüffel Salami 80g","REWE Feine Welt","4337256660402","3.69","80g (1 kg = 46,13 €)","Fleisch & Fisch","False","https://img.rewe-static.de/2927422/25598759_digital-image.png"
"REWE Bio Naturland Schweinebraten 80g","REWE Bio","4337256792226","2.79","80g (1 kg = 34,88 €)","Fleisch & Fisch","False","https://img.rewe-static.de/7602709/42981293_digital-image.png"
"REWE Feine Welt Salami mit Fenchel 80g","REWE Feine Welt","4337256662536","3.49","80g (1 kg = 43,63 €)","Fleisch & Fisch","False","https://img.rewe-static.de/2927395/32124073_digital-image.png"
"REWE Feine Welt Prosciutto-Crudo Rohschinken 100g","REWE Feine Welt","4337256662314","5.79","100g (1 kg = 57,90 €)","Fleisch & Fisch","False","https://img.rewe-static.de/1424192/20481189_digital-image.png"
"REWE Feine Welt Rindercarpaccio 120g","REWE Feine Welt","4337256852487","3.99","120g (1 kg = 33,25 €)","Fleisch & Fisch","False","https://img.rewe-static.de/2892256/25367543_digital-image.png"
"Lyoner Aufschnitt","NA","4006784925337","0.99","1 Stück ca. 100 g (1 kg = 9,90 €)","Fleisch & Fisch","True","https://img.rewe-static.de/9937829/47034531_digital-image.png"
"REWE Feine Welt Italiens Bresaola Black Angus 70g","REWE Feine Welt","4337256661393","4.99","70g (1 kg = 71,29 €)","Fleisch & Fisch","False","https://img.rewe-static.de/1941064/22143100_digital-image.png"
"REWE Bio Naturland Münchner Weisswurst 280g","REWE Bio","4337256653909","3.39","280g (1 kg = 12,11 €)","Fleisch & Fisch","False","https://img.rewe-static.de/7668982/40675256_digital-image.png"
"Wilhelm Brandenburg Vier-Jahreszeiten-Salami 80g","Wilhelm Brandenburg","4337256692595","1.79","80g (1 kg = 22,38 €)","Fleisch & Fisch","False","https://img.rewe-static.de/2462221/24143844_digital-image.png"
"Wilhelm Brandenburg Salami Mini Herzchen 80g","Wilhelm Brandenburg","4337256518253","3.19","80g (1 kg = 39,88 €)","Fleisch & Fisch","False","https://img.rewe-static.de/8844314/37709766_digital-image.png"
"Rügenwalder Mühle Veganes Mühlen Geschnetzeltes Hähnchen 180g","Rügenwalder Mühle","4000405001783","3.29","180g (1 kg = 18,28 €)","Fleisch & Fisch","False","https://img.rewe-static.de/7592214/43025858_digital-image.png"
"Wilhelm Brandenburg Spreewälder Frühstücksfleisch 100g","Wilhelm Brandenburg","4337256551953","1.89","100g (1 kg = 18,90 €)","Fleisch & Fisch","False","https://img.rewe-static.de/0071571/8926990_digital-image.png"
"Jack Link's Beef Jerky Teriyaki 60g","Jack Link's","4251097420097","2.99","60g (1 kg = 49,83 €)","Fleisch & Fisch","False","https://img.rewe-static.de/9056575/42534909_digital-image.png"
"REWE Bio + vegan Soja Schnetzel 150g","REWE Bio","4337256732796","1.85","150g (1 kg = 12,33 €)","Fleisch & Fisch","False","https://img.rewe-static.de/7794856/36534079_digital-image.png"
"Wilhelm Brandenburg Klosterschinken 100g","Wilhelm Brandenburg","4337256827270","2.49","100g (1 kg = 24,90 €)","Fleisch & Fisch","False","https://img.rewe-static.de/7582086/44372647_digital-image.png"
"REWE Beste Wahl Vegane Fischstäbchen 450g","REWE Beste Wahl","4337256622899","3.49","450g (1 kg = 7,76 €)","Fleisch & Fisch","False","https://img.rewe-static.de/7887196/34696411_digital-image.png"
"REWE Bio Kabanos Salami 90g","REWE Bio","4337256776578","2.39","90g (1 kg = 26,56 €)","Fleisch & Fisch","False","https://img.rewe-static.de/9044344/42309305_digital-image.png"
"REWE Feine Welt Trüffelsalamischeiben mit Parmigiano Reggiano 80g","REWE Feine Welt","4337256623827","3.49","80g (1 kg = 43,63 €)","Fleisch & Fisch","False","https://img.rewe-static.de/8919927/41137522_digital-image.png"
"REWE Bio Geflügelhackbällchen 300g","REWE Bio","4046408801111","4.99","300g (1 kg = 16,63 €)","Fleisch & Fisch","False","https://img.rewe-static.de/1267875/20683839_digital-image.png"
"Wilhelm Brandenburg Lachsschinken Pariser Art 100g","Wilhelm Brandenburg","4337256510776","2.39","100g (1 kg = 23,90 €)","Fleisch & Fisch","False","https://img.rewe-static.de/0560811/8731230_digital-image.png"
"REWE Bio Schweine Minutensteaks","REWE Bio","2145460000004","6.28","1 Stück ca. 210 g (1 kg = 29,90 €)","Fleisch & Fisch","False","https://img.rewe-static.de/1287057/19750840_digital-image.png"
"REWE Bio Schweinefilet 260g","REWE Bio","2164510000009","8.55","1 Stück ca. 260 g (1 kg = 32,90 €)","Fleisch & Fisch","False","https://img.rewe-static.de/1287122/19750800_digital-image.png"
"REWE Beste Wahl Hauchzarter Aufschnitt Typ Hähnchen Klassik vegan 100g","REWE Beste Wahl","4337256906845","1.29","100g (1 kg = 12,90 €)","Fleisch & Fisch","False","https://img.rewe-static.de/9943669/47482239_digital-image.png"
"REWE Feine Welt Jamon Iberico 70g","REWE Feine Welt","4337256656948","5.99","70g (1 kg = 85,57 €)","Fleisch & Fisch","False","https://img.rewe-static.de/1957799/21874703_digital-image.png"
"REWE Bio Rinder Entrecôte 170g","REWE Bio","2145510000008","7.63","1 Stück ca. 170 g (1 kg = 44,90 €)","Fleisch & Fisch","False","https://img.rewe-static.de/1287075/19750960_digital-image.png"
"Bio Putenschnitzel","NA","2750040000000","7.5","1 Stück ca. 300 g (1 kg = 24,99 €)","Fleisch & Fisch","False","https://img.rewe-static.de/9117170/44076203_digital-image.png"
"REWE Beste Wahl Aufstrich Typ Leberwurst fein vegan 125g","REWE Beste Wahl","4337256765039","1.49","125g (1 kg = 11,92 €)","Fleisch & Fisch","False","https://img.rewe-static.de/9059381/43484055_digital-image.png"
"REWE Bio Gemüse-Hafer-Bällchen vegan 200g","REWE Bio","4337256847087","2.49","200g (1 kg = 12,45 €)","Fleisch & Fisch","False","https://img.rewe-static.de/9206420/44069936_digital-image.png"
"REWE Feine Welt Salame Felino 80g","REWE Feine Welt","4388844262287","3.99","80g (1 kg = 49,88 €)","Fleisch & Fisch","False","https://img.rewe-static.de/2927367/27557622_digital-image.png"
"Grobe Schweine-Bratwurst","NA","2779880000001","2.38","1 Stück ca. 200 g (1 kg = 11,90 €)","Fleisch & Fisch","False","https://img.rewe-static.de/0506132/25602807_digital-image.png"
"RibWorld Bourbon BBQ Spare Ribs 600g","NA","5391511059027","8.99","600g (1 kg = 14,98 €)","Fleisch & Fisch","False","https://img.rewe-static.de/9008575/41126003_digital-image.png"
"Garden Gourmet Sensational Burger vegan 226g","Garden Gourmet","7613036915076","3.19","226g (1 kg = 14,12 €)","Fleisch & Fisch","False","https://img.rewe-static.de/8305884/31274511_digital-image.png"
"Omami Kichererbsen Sweet Chili Tofu 200g","Omami","4262451180069","2.99","200g (1 kg = 14,95 €)","Fleisch & Fisch","False","https://img.rewe-static.de/9083319/43254524_digital-image.png"
"Veganer Mühlen Snack Paulled Pork 3x40g","Rügenwalder Mühle","4000405002285","2.99","120g","Fleisch & Fisch","False","https://img.rewe-static.de/9989564/45346451_digital-image.png"
"REWE Feine Welt Sockeye Graved Wildlachs 100g","REWE Feine Welt","4337256885096","4.79","100g (1 kg = 47,90 €)","Fleisch & Fisch","False","https://img.rewe-static.de/7323920/28063229_digital-image.png"
"Wilhelm Brandenburg Mini-Schinkenknacker Paprika 200g","Wilhelm Brandenburg","4337256641753","3.99","200g (1 kg = 19,95 €)","Fleisch & Fisch","False","https://img.rewe-static.de/2167768/22639312_digital-image.png"
"REWE Beste Wahl Auschnitt Grillgemüse vegan 100g","REWE Beste Wahl","4337256933971","1.05","100g (1 kg = 10,50 €)","Fleisch & Fisch","False","https://img.rewe-static.de/9910742/47903341_digital-image.png"
"REWE Feine Welt Salsiccia Peperoncino 300g","REWE Feine Welt","4337256658768","4.99","300g (1 kg = 16,63 €)","Fleisch & Fisch","False","https://img.rewe-static.de/8287337/29275955_digital-image.png"
"Bille Fitness-Salami geräuchert","NA","4002784016617","2.59","1 Stück ca. 100 g (1 kg = 25,90 €)","Fleisch & Fisch","False","https://img.rewe-static.de/8530014/32417985_digital-image.png"
"Wilhelm Brandenburg Chili-Peitschen 100g","Wilhelm Brandenburg","4337256647052","2.79","100g (1 kg = 27,90 €)","Fleisch & Fisch","True","https://img.rewe-static.de/1148048/16814140_digital-image.png"
"RibWorld Bourbon BBQ Pulled Pork 360g","NA","5391511059423","4.49","360g (1 kg = 12,47 €)","Fleisch & Fisch","False","https://img.rewe-static.de/7634992/41263322_digital-image.png"
"Miyako Japan Sushi Nori 26g","Miyako","4316734081076","3.99","26g (1 kg = 153,46 €)","Fleisch & Fisch","False","https://img.rewe-static.de/0283952/24356768_digital-image.png"
"Vantastic foods Soja-Granulat vegan 300g","Vantastic Foods","4260661092165","2.79","300g (1 kg = 9,30 €)","Fleisch & Fisch","False","https://img.rewe-static.de/3436747/28527597_digital-image.png"
"REWE Bio + vegan Jackfruit natur 230g","REWE Bio","4337256841795","1.79","230g (1 kg = 7,78 €)","Fleisch & Fisch","False","https://img.rewe-static.de/7781674/37043676_digital-image.png"
"Brandenburg Fleischwurst mit Knoblauch","NA","4006784010880","1.49","1 Stück ca. 100 g (1 kg = 14,90 €)","Fleisch & Fisch","False","https://img.rewe-static.de/7961078/31987367_digital-image.png"
"Gosch Nordsee-Krabbensalat 125g","Gosch","4009457788116","7.99","125g (1 kg = 63,92 €)","Fleisch & Fisch","False","https://img.rewe-static.de/1239257/23474039_digital-image.png"
"Brandenburg Fleischwurst Naturdarm","Wilhelm Brandenburg","4006784010873","1.49","1 Stück ca. 100 g (1 kg = 14,90 €)","Fleisch & Fisch","False","https://img.rewe-static.de/7939070/31957055_digital-image.png"
"Bille Geflügelsalami Käse","NA","4002784016310","2.59","1 Stück ca. 100 g (1 kg = 25,90 €)","Fleisch & Fisch","False","https://img.rewe-static.de/7090286/30640529_digital-image.png"
"REWE Beste Wahl Aufschnitt Typ Lyoner vegan 100g","REWE Beste Wahl","4337256927550","1.05","100g (1 kg = 10,50 €)","Fleisch & Fisch","False","https://img.rewe-static.de/9912133/47903347_digital-image.png"
"Schiller Knoblauchsalami","Schiller","21284984","2.39","1 Stück ca. 100 g (1 kg = 23,90 €)","Fleisch & Fisch","False","https://img.rewe-static.de/1284983/3737590_digital-image.png"
"Biozentrale Bio Soja-Granulat 250g","biozentrale","4005009103925","2.99","250g (1 kg = 11,96 €)","Fleisch & Fisch","False","https://img.rewe-static.de/2045812/23484109_digital-image.png"
"REWE Bio Kasseler aus dem Schweinerücken 200g","REWE Bio","2108120000004","6.58","1 Stück ca. 200 g (1 kg = 32,90 €)","Fleisch & Fisch","False","https://img.rewe-static.de/2024967/23361567_digital-image.png"
"Rügenwalder Mühle Vegane Abenteuer Nuggets 180g","Rügenwalder Mühle","4000405002810","3.29","180g (1 kg = 18,28 €)","Fleisch & Fisch","False","https://img.rewe-static.de/9115636/43965098_digital-image.png"
"Wilhelm Brandenburg Jagdwurst Norddeutsche Art","Wilhelm Brandenburg","4006784925320","0.99","1 Stück ca. 100 g (1 kg = 9,90 €)","Fleisch & Fisch","True","https://img.rewe-static.de/9936373/47033850_digital-image.png"
"Bio Wurstspezialitäten Bio Wiener Würstchen 200g","NA","4015481016477","3.79","200g (1 kg = 18,95 €)","Fleisch & Fisch","False","https://img.rewe-static.de/7733324/37356478_digital-image.png"
"Planted. Steak vegan 140g","planted.","7630294502008","3.99","140g (1 kg = 28,50 €)","Fleisch & Fisch","False","https://img.rewe-static.de/9081298/43038383_digital-image.png"
"SoFine Brokkoli Burger vegan 170g","SoFine","8718885890846","2.79","170g (1 kg = 16,41 €)","Fleisch & Fisch","False","https://img.rewe-static.de/8330439/30519761_digital-image.png"
"Reinert Bärchen Fleischwurst mit Gemüse 180g","Reinert","4006229052161","2.39","180g (1 kg = 13,28 €)","Fleisch & Fisch","False","https://img.rewe-static.de/9890412/48133457_digital-image.png"
"Wilhelm Brandenburg Delikatess-Spargelschinken 100g","Wilhelm Brandenburg","4337256641685","2.29","100g (1 kg = 22,90 €)","Fleisch & Fisch","False","https://img.rewe-static.de/5217857/21232099_digital-image.png"
"Wilhelm Brandenburg Kaminwurzerl extra scharf 100g","Wilhelm Brandenburg","4337256583916","2.79","100g (1 kg = 27,90 €)","Fleisch & Fisch","False","https://img.rewe-static.de/0956858/8097510_digital-image.png"
"REWE Bio Mini Salami 40g","REWE Bio","4337256830423","1.59","40g (1 kg = 39,75 €)","Fleisch & Fisch","False","https://img.rewe-static.de/7517080/43269951_digital-image.png"
"REWE Feine Welt Coppa Schinken 80g","REWE Feine Welt","4337256846240","3.49","80g (1 kg = 43,63 €)","Fleisch & Fisch","False","https://img.rewe-static.de/7572766/44069968_digital-image.png"
"Black Angus Rinder-Rumpsteak ca. 300g","NA","2725320000001","14.37","1 Stück ca. 300 g (1 kg = 47,90 €)","Fleisch & Fisch","False","https://img.rewe-static.de/8760620/36339388_digital-image.png"
"REWE Beste Wahl Lyoner Paprika vegan 100g","REWE Beste Wahl","4337256941914","1.05","100g (1 kg = 10,50 €)","Fleisch & Fisch","False","https://img.rewe-static.de/9901840/47903353_digital-image.png"
"REWE Bio Schweine-Bauchscheiben","REWE Bio","2181040000002","3.98","1 Stück ca. 200 g (1 kg = 19,90 €)","Fleisch & Fisch","False","https://img.rewe-static.de/1346548/30919322_digital-image.png"
"Kalbskotelett","NA","2204350000002","3.98","1 Stück ca. 200 g (1 kg = 19,90 €)","Fleisch & Fisch","True","https://img.rewe-static.de/3452808/22370052_digital-image.png"
"Wilhelm Brandenburger Paprika Lyoner","Wilhelm Brandenburg","4006784922237","0.99","1 Stück ca. 100 g (1 kg = 9,90 €)","Fleisch & Fisch","True","https://img.rewe-static.de/9937335/47034052_digital-image.png"
"endori vegane Chicken Sticks Cheese Style 180g","endori","4251349108322","2.99","180g (1 kg = 16,61 €)","Fleisch & Fisch","False","https://img.rewe-static.de/9893765/47792518_digital-image.png"
"REWE Beste Wahl Delikatess Frikadellen 300g","REWE Beste Wahl","4337256901208","2.99","300g (1 kg = 9,97 €)","Fleisch & Fisch","False","https://img.rewe-static.de/9940094/47178449_digital-image.png"
"REWE Feine Welt Ochsen-Bäckchen in Rotweinsauce 380g","REWE Feine Welt","4388860585988","6.99","380g (1 kg = 18,39 €)","Fleisch & Fisch","False","https://img.rewe-static.de/8102436/30171981_digital-image.png"
"Wilhelm Brandenburg aus der Region Puten-Steak á la minute 400g","Wilhelm Brandenburg","4337256853545","6.99","400g (1 kg = 17,48 €)","Fleisch & Fisch","False","https://img.rewe-static.de/7569618/45302812_digital-image.png"
"Wilhelm Brandenburg Mettwurst im Glas 200g","Wilhelm Brandenburg","4337256543767","2.79","200g (1 kg = 13,95 €)","Fleisch & Fisch","False","https://img.rewe-static.de/5846641/5335010_digital-image.png"
"Noel Chorizo Paprikasalami","NA","24073721","2.19","1 Stück ca. 100 g (1 kg = 21,90 €)","Fleisch & Fisch","False","https://img.rewe-static.de/2366337/26868314_digital-image.png"
"Vantastic Bio Tofu natur 200g","NA","4260661092363","2.69","200g (1 kg = 13,45 €)","Fleisch & Fisch","False","https://img.rewe-static.de/9910631/48117154_digital-image.png"
"Wilhelm Brandenburg Zungenwurst in Scheiben","Wilhelm Brandenburg","22985019","1.99","1 Stück ca. 100 g (1 kg = 19,90 €)","Fleisch & Fisch","False","https://img.rewe-static.de/2985012/22257680_digital-image.png"
"Schweine Filetspieß","NA","20607951","2.99","1 Stück ca. 150 g (1 kg = 19,90 €)","Fleisch & Fisch","False","https://img.rewe-static.de/0504418/1678770_digital-image.png"
"Wilhelm Brandenburg Zwiebel-Griebenschmalz 125g","Wilhelm Brandenburg","4337256817981","1.59","125g (1 kg = 12,72 €)","Fleisch & Fisch","False","https://img.rewe-static.de/2522761/24309642_digital-image.png"
"Marziale Bio Salame Milano 80g","Marziale Coolinaria GmbH","4260342990537","2.99","80g (1 kg = 37,38 €)","Fleisch & Fisch","True","https://img.rewe-static.de/2344396/33483227_digital-image.png"
"Gutfried Geflügel-Bierschinken geräuchert 80g","Gutfried","4003171036256","1.49","80g (1 kg = 18,63 €)","Fleisch & Fisch","False","https://img.rewe-static.de/1229443/1752750_digital-image.png"
"Bille Geflügelsalami Pfeffer","NA","4002784016303","2.59","1 Stück ca. 100 g (1 kg = 25,90 €)","Fleisch & Fisch","False","https://img.rewe-static.de/7090576/30640531_digital-image.png"
"Redlefsen Delikatess Sülzkotelett 110g","Redlefsen","4000393003813","2.09","110g (1 kg = 19 €)","Fleisch & Fisch","False","https://img.rewe-static.de/5214513/7388060_digital-image.png"
"REWE to go Onigiri Kimchi 100g","REWE to go","42016120","2.69","100g (1 kg = 26,90 €)","Fleisch & Fisch","False","https://img.rewe-static.de/9066547/42826181_digital-image.png"
"Wilhelm Brandenburg Gutskräutersülze 100g","Wilhelm Brandenburg","4337256691994","1.99","100g (1 kg = 19,90 €)","Fleisch & Fisch","False","https://img.rewe-static.de/1175128/32171510_digital-image.png"
"REWE Bio Hähnchenschenkel gewürzt ca. 590g","REWE Bio","2160870000000","8.79","1 Stück ca. 590 g (1 kg = 14,90 €)","Fleisch & Fisch","False","https://img.rewe-static.de/1267753/20683869_digital-image.png"
"Wilhelm Brandenburg Geflügelwiener","Wilhelm Brandenburg","27217252","2.39","1 Stück ca. 150 g (1 kg = 15,90 €)","Fleisch & Fisch","False","https://img.rewe-static.de/7217250/24712905_digital-image.png"
"BiFi Veggie Carazza 40g","BiFi","4251097415857","1.99","2x40g (1 kg = 24,88 €)","Fleisch & Fisch","False","https://img.rewe-static.de/8835937/38544739_digital-image.png"
"Hein Mini Haxe gebraten","Dieter Hein","4000145785301","3.38","1 Stück ca. 200 g (1 kg = 16,90 €)","Fleisch & Fisch","False","https://img.rewe-static.de/5557852/2036670_digital-image.png"
"REWE to go Erumu Sushi-Box 240g","REWE to go","42228752","5.49","240g (1 kg = 22,88 €)","Fleisch & Fisch","False","https://img.rewe-static.de/7077829/26870025_digital-image.png"
"REWE Beste Wahl Veganes Hack gegart 200g","REWE Beste Wahl","4337256906272","2.29","200g (1 kg = 11,45 €)","Fleisch & Fisch","False","https://img.rewe-static.de/9938340/47338310_digital-image.png"
"REWE to go Kiyomi Sushi Box 185g","REWE to go","42016267","3.19","185g (1 kg = 17,24 €)","Fleisch & Fisch","False","https://img.rewe-static.de/9094434/44697415_digital-image.png"
"El Pozo Truthahnmortadella mit Oliven","El Pozo","21901942","1.79","1 Stück ca. 100 g (1 kg = 17,90 €)","Fleisch & Fisch","False","https://img.rewe-static.de/8842339/37049314_digital-image.png"
"Garden Gourmet Vegane Falafel Klassik 190g","Garden Gourmet","7290013998088","2.99","190g (1 kg = 15,74 €)","Fleisch & Fisch","False","https://img.rewe-static.de/0987462/22823999_digital-image.png"
"Krone Sockeye Wildlachs Msc 100g","Krone","4006451000152","5.39","100g (1 kg = 53,90 €)","Fleisch & Fisch","False","https://img.rewe-static.de/8279421/29337987_digital-image.png"
"Schweine Nackensteak Arizona","NA","2701660000000","2.58","1 Stück ca. 200 g (1 kg = 12,90 €)","Fleisch & Fisch","False","https://img.rewe-static.de/0504860/12392740_digital-image.png"
"Kramer Knoblauchwurst im Ring","Kramer","27230879","4.78","1 Stück ca. 200 g (1 kg = 23,90 €)","Fleisch & Fisch","False","https://img.rewe-static.de/7230877/24828791_digital-image.png"
"Nadler Hering in Gelee 2x100g","Nadler","4021900006158","2.89","2x100g (1 kg = 14,45 €)","Fleisch & Fisch","False","https://img.rewe-static.de/4893140/3188190_digital-image.png"
"Gutfried Geflügel-Jägerwurst","Gutfried","4003171025120","2.99","1 Stück ca. 150 g (1 kg = 19,90 €)","Fleisch & Fisch","False","https://img.rewe-static.de/8284631/29102640_digital-image.png"
"Hansen Holsteiner Leberpastete","NA","28367697","2.19","1 Stück ca. 100 g (1 kg = 21,90 €)","Fleisch & Fisch","False","https://img.rewe-static.de/7165296/27308367_digital-image.png"
"Wiesbauer Kümmelbraten","Wiesbauer","9002668025655","2.99","1 Stück ca. 100 g (1 kg = 29,90 €)","Fleisch & Fisch","False","https://img.rewe-static.de/1383493/31225016_digital-image.png"
"endori Vegane Chicken Nuggets 400g","endori","4251349107318","4.99","400g (1 kg = 12,48 €)","Fleisch & Fisch","False","https://img.rewe-static.de/9059589/44320359_digital-image.png"
"Lamm-Hüfte","NA","2700170000005","4.98","1 Stück ca. 200 g (1 kg = 24,90 €)","Fleisch & Fisch","True","https://img.rewe-static.de/1258552/21919240_digital-image.png"
"Yayla Geflügel Wiener Sosis 400g","Yayla","4027394004328","4.29","400g (1 kg = 10,73 €)","Fleisch & Fisch","False","https://img.rewe-static.de/7272719/28136623_digital-image.png"
"Probsteier Delikates Leberwurst grob am Stück","NA","20322687","1.99","1 Stück ca. 100 g (1 kg = 19,90 €)","Fleisch & Fisch","False","https://img.rewe-static.de/0322687/28263080_digital-image.png"
"Reinert Truthahn in Aspik","Reinert","4006229309425","0.75","1 Stück ca. 50 g (1 kg = 14,90 €)","Fleisch & Fisch","False","https://img.rewe-static.de/7816472/22259300_digital-image.png"
"Wilhelm Brandenburg Bockwurst","Wilhelm Brandenburg","4006784010699","1.49","1 Stück ca. 100 g (1 kg = 14,90 €)","Fleisch & Fisch","False","https://img.rewe-static.de/7731883/37464577_digital-image.png"
"REWE to go Momi Sushi-Box 235g","REWE to go","42228745","5.49","235g (1 kg = 23,36 €)","Fleisch & Fisch","False","https://img.rewe-static.de/7077027/26870010_digital-image.png"
"Maître Coq Crusty Chicken Tenders 380g","NA","3230890003912","5.99","380g (1 kg = 15,76 €)","Fleisch & Fisch","False","https://img.rewe-static.de/7582527/43545255_digital-image.png"
"Abraham Katenschinken Pape geräuchert","NA","2737500000008","2.89","1 Stück ca. 100 g (1 kg = 28,90 €)","Fleisch & Fisch","False","https://img.rewe-static.de/7230036/37847282_digital-image.png"
"Steinhaus Gutsrotwurst Delikatess","Steinhaus","25808490","1.99","1 Stück ca. 100 g (1 kg = 19,90 €)","Fleisch & Fisch","False","https://img.rewe-static.de/5808499/1909100_digital-image.png"
"Vantastic foods Soja Medaillons vegan 200g","Vantastic Foods","4260661092172","2.29","200g (1 kg = 11,45 €)","Fleisch & Fisch","False","https://img.rewe-static.de/3436742/28527767_digital-image.png"
"Biozentrale Bio Falafel 200g","biozentrale","4005009102034","2.99","200g (1 kg = 14,95 €)","Fleisch & Fisch","False","https://img.rewe-static.de/2225659/24220488_digital-image.png"
"Wilhelm Brandenburg Eisbein im Glas 200g","Wilhelm Brandenburg","4337256535618","2.79","200g (1 kg = 13,95 €)","Fleisch & Fisch","False","https://img.rewe-static.de/5850843/5335040_digital-image.png"
"Deutsche See gekochte Garnelen mit Kopf und Schale 250g","Deutsche See","4009239512199","4.29","250g (1 kg = 17,16 €)","Fleisch & Fisch","False","https://img.rewe-static.de/8416356/30793151_digital-image.png"
"Wilhelm Brandenburg Kasseler Schälrippe ca. 150g","Wilhelm Brandenburg","2174740000007","6.29","1 Stück ca. 700 g (1 kg = 8,99 €)","Fleisch & Fisch","False","https://img.rewe-static.de/8479526/23849155_digital-image.png"
"Wölke Rückenspeck geräuchert und vakuumiert","NA","24837033","1.19","1 Stück ca. 100 g (1 kg = 11,90 €)","Fleisch & Fisch","False","https://img.rewe-static.de/3070587/27586560_digital-image.png"
"Deutsche See Raüchergarnele ASC 120g","Deutsche See","4009239509496","4.59","120g (1 kg = 38,25 €)","Fleisch & Fisch","False","https://img.rewe-static.de/8547128/32374590_digital-image.png"
"Drews Flusskrebs Cocktail 150g","Drews","4006495180704","3.49","150g (1 kg = 23,27 €)","Fleisch & Fisch","False","https://img.rewe-static.de/6323715/3954330_digital-image.png"
"Rätzel Tocifritos Iberico","NA","2796560000007","2.49","1 Stück ca. 100 g (1 kg = 24,90 €)","Fleisch & Fisch","False","https://img.rewe-static.de/8598969/34015741_digital-image.png"
"Greenforce Fertigmischung Veganer Burger 75g","GREENFORCE","4260322212284","2.99","75g (1 kg = 39,87 €)","Fleisch & Fisch","False","https://img.rewe-static.de/8741315/35899936_digital-image.png"
"REWE to go Yuriko Sushi Box ASC 360g","REWE to go","4337256425308","7.99","360g","Fleisch & Fisch","False","https://img.rewe-static.de/7808416/35525241_digital-image.png"
"Wilhelm Brandenburg Kaninchen","Wilhelm Brandenburg","2737430000000","15.59","1 Stück ca. 1300 g (1 kg = 11,99 €)","Fleisch & Fisch","False","https://img.rewe-static.de/2803438/25757159_digital-image.png"
"biozentrale Bio Wie Chicken Tikkala Masala vegan 350g","biozentrale","4005009102478","3.99","350g (1 kg = 11,40 €)","Fleisch & Fisch","False","https://img.rewe-static.de/8836463/39641495_digital-image.png"
"Nordsee Milde Heringsfiletstreifen MSC in Sahnesauce 280g","Nordsee","4030800080472","2.99","280g (1 kg = 10,68 €)","Fleisch & Fisch","False","https://img.rewe-static.de/9944944/45373895_digital-image.png"
"Veggy Friends Bio Vegane Teewurst 120ml","Veggy Friends","4260177113989","2.79","120ml (1 l = 23,25 €)","Fleisch & Fisch","False","https://img.rewe-static.de/2773174/27445997_digital-image.png"
"Börner Eisenacher Original Göttinger Mettwurst geräuchert 100g","Börner Eisenacher","4004352410346","2.39","100g (1 kg = 23,90 €)","Fleisch & Fisch","False","https://img.rewe-static.de/2099992/24847785_digital-image.png"
"Jungbullen Ochsenschwanz","NA","2705870000003","3.98","1 Stück ca. 250 g (1 kg = 15,90 €)","Fleisch & Fisch","False","https://img.rewe-static.de/2153358/41167516_digital-image.png"
"Wheaty Bio Virginia Steak vegan","NA","4032277005279","3.79","175g (1 kg = 21,66 €)","Fleisch & Fisch","False","https://img.rewe-static.de/1459381/22356986_digital-image.png"
"Wilhelm Brandenburg Peitschen mit Pfeffer 100g","Wilhelm Brandenburg","4337256646260","2.79","100g (1 kg = 27,90 €)","Fleisch & Fisch","True","https://img.rewe-static.de/8945913/40389911_digital-image.png"
"Grossmann Heringshappen in Dill","Grossmann","4011351010613","1.79","1 Stück ca. 100 g (1 kg = 17,90 €)","Fleisch & Fisch","False","https://img.rewe-static.de/8575631/32692799_digital-image.png"
"Probsteier Grützwurst mit Rosinen 200g","NA","4011473981518","2.49","200g (1 kg = 12,45 €)","Fleisch & Fisch","False","https://img.rewe-static.de/2759053/32195210_digital-image.png"
"endori vegane chicken sticks chili cheese style 180g","endori","4251349108346","2.99","180g (1 kg = 16,61 €)","Fleisch & Fisch","False","https://img.rewe-static.de/9893677/47792520_digital-image.png"
"Berschneider Graved Lachsfleisch geschnitten 300g","Berschneider","21086342","7.17","1 Stück ca. 300 g (1 kg = 23,90 €)","Fleisch & Fisch","False","https://img.rewe-static.de/1086344/17621200_digital-image.png"
"Jack Link's Biltong Beef 60g","Jack Link's","4251097420356","4.59","60g (1 kg = 76,50 €)","Fleisch & Fisch","False","https://img.rewe-static.de/9060195/43747830_digital-image.png"
"Mayo Feinkost Curry Shrimpssalat 150g","Mayo Feinkost","4009457420993","2.59","150g (1 kg = 17,27 €)","Fleisch & Fisch","False","https://img.rewe-static.de/8402582/14077640_digital-image.png"
"Nordsee zarte Heringsfilet mit Dill 170g","Nordsee","4030800071036","3.69","170g (1 kg = 21,71 €)","Fleisch & Fisch","False","https://img.rewe-static.de/7854158/34408877_digital-image.png"
"Probsteier Braunschweiger Blutwurst","NA","2295590000006","1.79","1 Stück ca. 100 g (1 kg = 17,90 €)","Fleisch & Fisch","False","https://img.rewe-static.de/0145901/36277611_digital-image.png"
"Bedford Trüffelleberwurst am Stück","Bedford","4008298702107","2.89","1 Stück ca. 100 g (1 kg = 28,90 €)","Fleisch & Fisch","False","https://img.rewe-static.de/5542855/18635490_digital-image.png"
"Dicke Rippe geräuchert","NA","20382728","1.78","1 Stück ca. 200 g (1 kg = 8,90 €)","Fleisch & Fisch","False","https://img.rewe-static.de/8479955/32403869_digital-image.png"
"Hansen Kalbfleischleberwurst","Hansen","28368137","1.99","1 Stück ca. 100 g (1 kg = 19,90 €)","Fleisch & Fisch","False","https://img.rewe-static.de/7182270/29822637_digital-image.png"
"Heringshappen in cremiger Dillsauce 125g","Grossmann","4006495180001","2.49","150g (1 kg = 16,60 €)","Fleisch & Fisch","False","https://img.rewe-static.de/6323448/28023264_digital-image.png"
"Hähnchenbrust mit Knochen","NA","26269344","3.82","1 Stück ca. 350 g (1 kg = 10,90 €)","Fleisch & Fisch","False","https://img.rewe-static.de/9979926/47276545_digital-image.png"
"Popp Zarte Appetithappen Kräuterhering Nordische Art 200g","Popp","4045800651768","2.39","200g (1 kg = 11,95 €)","Fleisch & Fisch","False","https://img.rewe-static.de/8547846/32424549_digital-image.png"
"Probsteier Grützwurst mit Rosinen","NA","20534288","1.49","1 Stück ca. 100 g (1 kg = 14,90 €)","Fleisch & Fisch","False","https://img.rewe-static.de/0468624/39363962_digital-image.png"
"Schweine Vordereisbein","NA","28022947","1.11","1 Stück ca. 200 g (1 kg = 5,55 €)","Fleisch & Fisch","False","https://img.rewe-static.de/8282209/35595819_digital-image.png"
"Schweinezunge in Aspik","NA","22735379","1.79","1 Stück ca. 100 g (1 kg = 17,90 €)","Fleisch & Fisch","False","https://img.rewe-static.de/1129294/34077794_digital-image.png"
"Wilhelm Brandenburg KS-Bauch roh","Wilhelm Brandenburg","2285400000005","4.95","1 Stück ca. 500 g (1 kg = 9,90 €)","Fleisch & Fisch","False","https://img.rewe-static.de/7522606/32400982_digital-image.png"
"biozentrale Bio Veganes Gewürztes Hack 150g","biozentrale","4005009102898","3.99","150g","Fleisch & Fisch","False","https://img.rewe-static.de/8956887/45713562_digital-image.png"
"ja! Hackfleisch gemischt 500g","ja!","4388840102587","3.99","500g (1 kg = 7,98 €)","Fleisch & Fisch","False","https://img.rewe-static.de/5900174/21718252_digital-image.png"
"ja! Delikatess-Salami 200g","ja!","4337256452335","1.69","200g (1 kg = 8,45 €)","Fleisch & Fisch","False","https://img.rewe-static.de/6445667/3827410_digital-image.png"
"ja! Delikatess-Kochschinken 200g","ja!","4337256426695","1.49","200g (1 kg = 7,45 €)","Fleisch & Fisch","False","https://img.rewe-static.de/7009798/26244603_digital-image.png"
"ja! Hauchzartes Hähnchenbrustfilet gepökelt, gebacken 150g","ja!","4337256443623","1.99","150g (1 kg = 13,27 €)","Fleisch & Fisch","False","https://img.rewe-static.de/7942901/32732415_digital-image.png"
"ja! Delikatess-Hähnchenbrustfilet mit feiner Rauchnote 100g","ja!","4337256430975","1.39","100g (1 kg = 13,90 €)","Fleisch & Fisch","False","https://img.rewe-static.de/1215356/14514860_digital-image.png"
"ja! Putenbrustfilet 100g","ja!","4337256429450","1.39","100g (1 kg = 13,90 €)","Fleisch & Fisch","False","https://img.rewe-static.de/5966590/2432960_digital-image.png"
"ja! Delikatess-Lachsschinken 100g","ja!","4337256441223","1.66","100g (1 kg = 16,60 €)","Fleisch & Fisch","False","https://img.rewe-static.de/4724488/3090210_digital-image.png"
"ja! Delikatess-Bacon 100g","ja!","4337256466738","1.39","100g (1 kg = 13,90 €)","Fleisch & Fisch","False","https://img.rewe-static.de/0961733/7164640_digital-image.png"
"ja! Delikatess Teewurst fein 125g","ja!","4337256429337","1.49","125g (1 kg = 11,92 €)","Fleisch & Fisch","False","https://img.rewe-static.de/2888667/25530177_digital-image.png"
"ja! Bayerischer Leberkäse 400g","ja!","4337256516389","3.49","400g (1 kg = 8,73 €)","Fleisch & Fisch","False","https://img.rewe-static.de/7009615/1027450_digital-image.png"
"ja! Geflügelsalami geräuchert 130g","ja!","4337256471268","1.99","130g (1 kg = 15,31 €)","Fleisch & Fisch","False","https://img.rewe-static.de/8503685/32330786_digital-image.png"
"ja! Geflügel Wiener 400g","ja!","4337256587907","2.89","400g (1 kg = 7,23 €)","Fleisch & Fisch","False","https://img.rewe-static.de/8890957/39015476_digital-image.png"
"ja! Frikadellenbällchen 500g","ja!","4337256622035","3.19","500g (1 kg = 6,38 €)","Fleisch & Fisch","False","https://img.rewe-static.de/4509650/1721800_digital-image.png"
"ja! Delikatess-Leichtschinken fettreduziert 150g","ja!","4337256429795","2.39","150g (1 kg = 15,93 €)","Fleisch & Fisch","False","https://img.rewe-static.de/1326612/24321277_digital-image.png"
"ja! Schweinefilet ca. 580g","ja!","2226980000009","6.95","1 Stück ca. 580 g (1 kg = 11,99 €)","Fleisch & Fisch","False","https://img.rewe-static.de/7702698/37972232_digital-image.png"
"ja! Schwarzwälder Schinken 200g","ja!","4337256437714","2.69","200g (1 kg = 13,45 €)","Fleisch & Fisch","False","https://img.rewe-static.de/7009593/26168888_digital-image.png"
"ja! Schweine-Minutensteaks aus dem Rücken 400g","ja!","4006784294204","3.79","400g (1 kg = 9,48 €)","Fleisch & Fisch","False","https://img.rewe-static.de/2080731/37972201_digital-image.png"
"ja! Hähnchen-Brustfilet 600g","ja!","4337256551090","6.49","600g (1 kg = 10,82 €)","Fleisch & Fisch","False","https://img.rewe-static.de/8468236/37972236_digital-image.png"
"ja! Geflügel-Mortadella 200g","ja!","4337256368919","1.19","200g (1 kg = 5,95 €)","Fleisch & Fisch","False","https://img.rewe-static.de/0942067/6467090_digital-image.png"
"ja! Wiener Würstchen 400g","ja!","4337256452625","2.89","8x50g (1 kg = 7,23 €)","Fleisch & Fisch","False","https://img.rewe-static.de/2655152/2636310_digital-image.png"
"ja! Schinkenwurst 200g","ja!","4337256368568","0.99","200g (1 kg = 4,95 €)","Fleisch & Fisch","False","https://img.rewe-static.de/6387934/6827160_digital-image.png"
"ja! Mett-Enden geräuchert 300g","ja!","4337256524742","2.79","300g (1 kg = 9,30 €)","Fleisch & Fisch","False","https://img.rewe-static.de/1374472/20095410_digital-image.png"
"ja! Salami Sticks Classic 100g","ja!","4337256782470","1.99","100g (1 kg = 19,90 €)","Fleisch & Fisch","False","https://img.rewe-static.de/7043484/26771888_digital-image.png"
"ja! Frische Hähnchenschenkel ca. 1130g","ja!","2253540000001","5.13","1 Stück ca. 1130 g (1 kg = 4,54 €)","Fleisch & Fisch","False","https://img.rewe-static.de/0139976/37972016_digital-image.png"
"ja! Geflügelfleischwurst 500g","ja!","4337256710305","2.49","500g (1 kg = 4,98 €)","Fleisch & Fisch","False","https://img.rewe-static.de/7715557/38765054_digital-image.png"
"ja! Delikatess-Cervelatwurst 200g","ja!","4337256456968","1.69","200g (1 kg = 8,45 €)","Fleisch & Fisch","False","https://img.rewe-static.de/6445640/35502880_digital-image.png"
"ja! Delikatess-Hähnchenbrustfilet 150g","ja!","4337256426534","2.29","150g (1 kg = 15,27 €)","Fleisch & Fisch","False","https://img.rewe-static.de/2087491/22367777_digital-image.png"
"ja! Putenbrustfilet gepökelt, gebacken 150g","ja!","4337256433570","1.99","150g (1 kg = 13,27 €)","Fleisch & Fisch","False","https://img.rewe-static.de/7942517/32732436_digital-image.png"
"ja! Salami Sticks Geflügel Luftgetrocknet mit Edelschimmel 100g","ja!","4337256643306","1.99","100g","Fleisch & Fisch","False","https://img.rewe-static.de/7668831/40232911_digital-image.png"
"ja! Schweine-Geschnetzeltes nach Gyros-Art 500g","ja!","4388844227736","3.99","500g (1 kg = 7,98 €)","Fleisch & Fisch","False","https://img.rewe-static.de/1437254/37972017_digital-image.png"
"ja! Geflügel Bratwurst 400g","ja!","4337256796866","3.79","400g","Fleisch & Fisch","False","https://img.rewe-static.de/7600959/43208417_digital-image.png"
"ja! Rindfleisch-Hamburger 400g","ja!","4388840221592","4.49","400g (1 kg = 11,23 €)","Fleisch & Fisch","False","https://img.rewe-static.de/2432136/31460267_digital-image.png"
"ja! Lyoner mit Paprika 200g","ja!","4337256368117","1.19","200g (1 kg = 5,95 €)","Fleisch & Fisch","False","https://img.rewe-static.de/8504614/32257812_digital-image.png"
"ja! Geflügel-Salami mit Schweinefleisch 200g","ja!","4337256370073","1.69","200g (1 kg = 8,45 €)","Fleisch & Fisch","False","https://img.rewe-static.de/0990026/26208259_digital-image.png"
"ja! Hauchzarter Hinterschinken gebacken 150g","ja!","4337256441711","2.49","150g (1 kg = 16,60 €)","Fleisch & Fisch","False","https://img.rewe-static.de/7957031/32691008_digital-image.png"
"ja! Delikatess Heringssalat mit Roter Bete, Gurke und Apfel 250g","ja!","4337256803342","1.29","250g (1 kg = 5,16 €)","Fleisch & Fisch","False","https://img.rewe-static.de/8327635/29914348_digital-image.png"
"ja! Hähnchenschnitzel 300g","ja!","4337256239608","2.99","300g (1 kg = 9,97 €)","Fleisch & Fisch","False","https://img.rewe-static.de/8573928/33549265_digital-image.png"
"ja! Hähnchen Flügel ohne Spitze 480g","ja!","2116910000004","2.43","1 Stück ca. 480 g (1 kg = 5,07 €)","Fleisch & Fisch","False","https://img.rewe-static.de/8540960/37972278_digital-image.png"
"ja! Rauchmatjesfilets Nordischer Art 250g","ja!","4337256726443","2.49","250g","Fleisch & Fisch","False","https://img.rewe-static.de/9007647/42512518_digital-image.png"
"ja! Delikatess-Bierwurst 200g","ja!","4337256366304","1.19","200g (1 kg = 5,95 €)","Fleisch & Fisch","False","https://img.rewe-static.de/6387896/6826800_digital-image.png"
"ja! Partygarnelen gekocht & geschält 100g","ja!","4337256682428","1.99","100g (1 kg = 19,90 €)","Fleisch & Fisch","False","https://img.rewe-static.de/8988614/42336765_digital-image.png"
"ja! Bacon in Streifen 250g","ja!","4337256161114","2.79","250g (1 kg = 11,16 €)","Fleisch & Fisch","False","https://img.rewe-static.de/7955686/32616179_digital-image.png"
"ja! Feine Dill-Sahne-Heringsfilet 400g","ja!","21278952","1.89","400g (1 kg = 4,73 €)","Fleisch & Fisch","False","https://img.rewe-static.de/8218553/28579943_digital-image.png"
"ja! Sushi Box Ikaro XL MSC ASC 455g","ja!","4337256822121","6.49","455g","Fleisch & Fisch","False","https://img.rewe-static.de/7670617/40986966_digital-image.png"
"ja! Rinder Minutensteak 320g","ja!","4388840221721","5.49","320g (1 kg = 17,16 €)","Fleisch & Fisch","False","https://img.rewe-static.de/2432152/24567620_digital-image.png"
"ja! Schweine-Gulasch 500g","ja!","4337256091480","3.99","500g (1 kg = 7,98 €)","Fleisch & Fisch","False","https://img.rewe-static.de/8457562/37972235_digital-image.png"
"ja! Schweine-Nackensteak Paprika 4 Stück","ja!","2267860000009","6.52","1 Stück ca. 790 g (1 kg = 8,25 €)","Fleisch & Fisch","False","https://img.rewe-static.de/0156099/37956938_digital-image.png"
"ja! Salami Sticks Pikant 100g","ja!","4337256610179","1.99","100g (1 kg = 19,90 €)","Fleisch & Fisch","False","https://img.rewe-static.de/7042886/26772176_digital-image.png"
"ja! Schweine-Stielkotelett 700g","ja!","4388844087545","4.99","700g (1 kg = 7,13 €)","Fleisch & Fisch","False","https://img.rewe-static.de/2314012/39614606_digital-image.png"
"ja! Delikatess Edelsalami mild geräuchert 150g","ja!","4337256422239","1.79","150g (1 kg = 11,93 €)","Fleisch & Fisch","False","https://img.rewe-static.de/8243243/28838758_digital-image.png"
"ja! Mini Geflügel Bratwurst 350g","ja!","4337256792899","3.79","350g","Fleisch & Fisch","False","https://img.rewe-static.de/9062155/43302966_digital-image.png"
"ja! Leberwurst fein 175g","ja!","4337256427678","1.49","175g (1 kg = 8,51 €)","Fleisch & Fisch","False","https://img.rewe-static.de/2888923/25687786_digital-image.png"
"ja! Delikatess-Rostbratwurst 540g","ja!","4337256275620","3.79","540g (1 kg = 7,02 €)","Fleisch & Fisch","False","https://img.rewe-static.de/7009810/1615590_digital-image.png"
"ja! Sahne-Heringsfilets 400g","ja!","21688928","1.89","400g (1 kg = 4,73 €)","Fleisch & Fisch","False","https://img.rewe-static.de/7204582/23846471_digital-image.png"
"ja! Hähnchenbrustfilet Paprika 150g","ja!","4337256413022","2.29","150g (1 kg = 15,27 €)","Fleisch & Fisch","False","https://img.rewe-static.de/3252334/26587855_digital-image.png"
"ja! Delikatess-Krustenbraten 100g","ja!","4337256431354","1.69","100g (1 kg = 16,90 €)","Fleisch & Fisch","False","https://img.rewe-static.de/0946509/7164670_digital-image.png"
"ja! Edle Matjesfilets Nordische Art 251g","ja!","4337256827843","1.69","251g (1 kg = 6,73 €)","Fleisch & Fisch","False","https://img.rewe-static.de/2135703/26680452_digital-image.png"
"ja! Delikatess Bierschinken 150g","ja!","4337256588294","1.19","150g (1 kg = 7,93 €)","Fleisch & Fisch","False","https://img.rewe-static.de/8973540/38902764_digital-image.png"
"ja! Frikadellen verzehrfertig 500g","ja!","4337256621694","3.19","500g (1 kg = 6,38 €)","Fleisch & Fisch","False","https://img.rewe-static.de/8164649/3236680_digital-image.png"
"ja! Fleischwurst 650g","ja!","4337256697170","3.49","650g (1 kg = 5,37 €)","Fleisch & Fisch","False","https://img.rewe-static.de/7009739/695620_digital-image.png"
"ja! Jagdwurst 200g","ja!","4337256367172","1.19","200g (1 kg = 5,95 €)","Fleisch & Fisch","False","https://img.rewe-static.de/6387918/6827070_digital-image.png"
"ja! Original Nürnberger Rostbratwürstchen 300g","ja!","4337256278973","3.29","300g (1 kg = 10,97 €)","Fleisch & Fisch","False","https://img.rewe-static.de/8309744/26065780_digital-image.png"
"ja! Schinkenbockwurst 500g","ja!","4337256588836","3.79","500g (1 kg = 7,58 €)","Fleisch & Fisch","False","https://img.rewe-static.de/8895117/39016968_digital-image.png"
"ja! Mini Wiener Würstchen 2x160g","ja!","4337256455718","2.49","2x160g (1 kg = 7,78 €)","Fleisch & Fisch","False","https://img.rewe-static.de/2407834/24001324_digital-image.png"
"ja! Delikatess Mini Wiener Geflügel Würstchen 2x160g","ja!","4337256460026","2.49","2x160g (1 kg = 7,78 €)","Fleisch & Fisch","False","https://img.rewe-static.de/8049651/29935347_digital-image.png"
"ja! Delikatess Mini-Salami 4x25g","ja!","4337256566445","1.59","4x25g (1 kg = 15,90 €)","Fleisch & Fisch","False","https://img.rewe-static.de/7018624/26459460_digital-image.png"
"ja! Schweine-Bratwurst grob 4x100g","ja!","4388840102655","2.79","400g (1 kg = 6,98 €)","Fleisch & Fisch","False","https://img.rewe-static.de/5490332/32429305_digital-image.png"
"ja! Mini-Geflügelfrikadellen 500g","ja!","4337256774475","2.99","500g (1 kg = 5,98 €)","Fleisch & Fisch","False","https://img.rewe-static.de/2318701/23821714_digital-image.png"
"Coca-Cola Zero Sugar 2l","Coca-Cola","5000112552218","2.19","2l (1 l = 1,10 €)","Getränke & Genussmittel","False","https://img.rewe-static.de/0049831/25956564_digital-image.png"
"Mezzacorona Rotwein Merlot DOC trocken 0,75l","NA","8004305000064","5.79","0,75l (1 l = 7,72 €)","Getränke & Genussmittel","False","https://img.rewe-static.de/0273823/25766498_digital-image.png"
"Hella Medium 6x0,75l","Hella","4102380027915","3.54","6x0,75l (1 l = 0,79 €)","Getränke & Genussmittel","False","https://img.rewe-static.de/0841896/8555920_digital-image.png"
"Coca-Cola 12x1l","Coca-Cola","5449000017963","15.99","12x1l (1 l = 1,33 €)","Getränke & Genussmittel","False","https://img.rewe-static.de/8002614/33131712_digital-image.png"
"Coca-Cola Zero Sugar 12x1l","Coca-Cola","5449000134271","15.99","12x1l (1 l = 1,33 €)","Getränke & Genussmittel","False","https://img.rewe-static.de/0045620/2008010_digital-image.png"
"Hella Himbeer 6x0,75l","Hella","4102380029148","2.94","6x0,75l (1 l = 0,65 €)","Getränke & Genussmittel","True","https://img.rewe-static.de/1098305/22770970_digital-image.png"
"Volvic Zero Wassermelone 1,5l","Volvic","3057640533068","1.89","1,50l (1 l = 1,26 €)","Getränke & Genussmittel","False","https://img.rewe-static.de/8345470/29548507_digital-image.png"
"Rauch Happy Day Maracuja 1l","Happy Day","9008700128575","2.69","1l","Getränke & Genussmittel","False","https://img.rewe-static.de/0153046/988890_digital-image.png"
"Beckers Bester Apfelsaft trüb 1l","beckers bester","4001716081426","2.99","1l","Getränke & Genussmittel","False","https://img.rewe-static.de/0188204/2446480_digital-image.png"
"Pfanner Mystery Eistee Teil 1 2l","Pfanner","9006900228828","1.99","2l (1 l = 1 €)","Getränke & Genussmittel","False","https://img.rewe-static.de/9048282/42282392_digital-image.png"
"Hella Himbeere 1,5l","Hella","4102380029094","1.29","1,50l (1 l = 0,86 €)","Getränke & Genussmittel","False","https://img.rewe-static.de/1111863/23054781_digital-image.png"
"Shatler's Cocktails Piña Colada 0,25l","Shatler's","4007675662041","2.99","0,25l (1 l = 11,96 €)","Getränke & Genussmittel","False","https://img.rewe-static.de/8007873/30859706_digital-image.png"
"Capri-Sun Elfentrank Multipack 10x0,2l","Capri-Sun","4000177170717","3.49","10x0,20l (1 l = 1,75 €)","Getränke & Genussmittel","True","https://img.rewe-static.de/1449587/26223109_digital-image.png"
"Rotkäppchen Fruchtsecco Schwarze Johannisbeere 0,75l","Rotkäppchen-Mumm","4014741649011","4.99","0,75l (1 l = 6,65 €)","Getränke & Genussmittel","False","https://img.rewe-static.de/8268616/28801355_digital-image.png"
"Coca-Cola Zero koffeinfrei 4x1,5l","Coca-Cola","5449000184283","4.76","4x1,50l (1 l = 0,79 €)","Getränke & Genussmittel","True","https://img.rewe-static.de/2158871/25563499_digital-image.png"
"Fanta Lemon ohne Zucker 4x1,5l","Fanta","5449000664334","4.76","4x1,50l (1 l = 0,79 €)","Getränke & Genussmittel","True","https://img.rewe-static.de/3273682/31131839_digital-image.png"
"Hella ACE 6x0,75l","Hella","4102380028776","4.74","6x0,75l (1 l = 1,05 €)","Getränke & Genussmittel","False","https://img.rewe-static.de/0903496/27797357_digital-image.png"
"Deit Citro 1l","Deit","4104450003171","1.29","1l","Getränke & Genussmittel","False","https://img.rewe-static.de/1356275/26288805_digital-image.png"
"granini Fresh Kirsche 6x0,75l","Granini","4048517733437","9.54","6x0,75l (1 l = 2,12 €)","Getränke & Genussmittel","False","https://img.rewe-static.de/8927435/40039079_digital-image.png"
"Capri-Sun Monsteralarm Multipack 10x0,2l","Capri-Sun","4000177171929","3.49","10x0,20l (1 l = 1,75 €)","Getränke & Genussmittel","True","https://img.rewe-static.de/2100695/26223011_digital-image.png"
"Hohes C Milder Roter Multivitamin 100% Saft 1l","Hohes C","4048517743085","2.49","1l","Getränke & Genussmittel","False","https://img.rewe-static.de/8629165/34113153_digital-image.png"
"Fuze Tea Schwarzer Tee Pfirsich 1,25l","Fuze Tea","5000112641868","1.69","1,25l (1 l = 1,35 €)","Getränke & Genussmittel","False","https://img.rewe-static.de/8060328/29725380_digital-image.png"
"Freixenet Weißwein Mederano Blanco halbtrocken 0,75l","Freixenet","8410384008370","4.49","0,75l (1 l = 5,99 €)","Getränke & Genussmittel","False","https://img.rewe-static.de/7157703/1770850_digital-image.png"
"REWE Beste Wahl Wild Berry 6x1l","REWE Beste Wahl","4388860108606","5.34","6x1l (1 l = 0,89 €)","Getränke & Genussmittel","False","https://img.rewe-static.de/7286715/37709409_digital-image.png"
"Hohes C Milder Multvitamini 6x1l","Hohes C","4048517703492","14.94","6x1l (1 l = 2,49 €)","Getränke & Genussmittel","False","https://img.rewe-static.de/7875612/34077883_digital-image.png"
"Volvic Kirsche 6x1,5l","Volvic","4005720000763","11.34","6x1,50l (1 l = 1,26 €)","Getränke & Genussmittel","False","https://img.rewe-static.de/0455801/29524095_digital-image.png"
"Imiglykos Weißwein Cavino lieblich 0,75l","Imiglykos","5201015008585","3.69","0,75l (1 l = 4,92 €)","Getränke & Genussmittel","False","https://img.rewe-static.de/0436211/8200390_digital-image.png"
"Schweppes Indian Tonic Water 1,25l","Schweppes","4000140700149","1.49","1,25l (1 l = 1,19 €)","Getränke & Genussmittel","True","https://img.rewe-static.de/0106495/1587750_digital-image.png"
"Sprite Zero 1l","Sprite","5449000121172","1.69","1l","Getränke & Genussmittel","False","https://img.rewe-static.de/8032149/7444330_digital-image.png"
"Krombacher Pils 24x0,33l","Krombacher","4008287904314","16.99","24x0,33l (1 l = 2,15 €)","Getränke & Genussmittel","False","https://img.rewe-static.de/7372574/1503840_digital-image.png"
"Maybach Weißwein Riesling QbA süss & fruchtig 0,75l","Maybach","4003301052460","4.99","0,75l (1 l = 6,65 €)","Getränke & Genussmittel","False","https://img.rewe-static.de/1327272/28012613_digital-image.png"
"Rotkäppchen Weißwein Müller-Thurgau halbtrocken 0,75l","Rotkäppchen-Mumm","4014741380112","4.49","0,75l (1 l = 5,99 €)","Getränke & Genussmittel","False","https://img.rewe-static.de/0106641/4788510_digital-image.png"
"REWE Beste Wahl Aqua Mia Sport Still 6x0,75l","REWE Beste Wahl","4388860231946","1.74","6x0,75l (1 l = 0,39 €)","Getränke & Genussmittel","False","https://img.rewe-static.de/7293559/29603188_digital-image.png"
"Wittenseer Bio Iso Sport Vital Grapefruit Zitrone 0,7l","Wittenseer","4014819500701","1.05","0,70l (1 l = 1,50 €)","Getränke & Genussmittel","False","https://img.rewe-static.de/2919573/38992201_digital-image.png"
"Hella Sunny Melon 6x0,75l","Hella","4102380034319","2.94","6x0,75l (1 l = 0,65 €)","Getränke & Genussmittel","True","https://img.rewe-static.de/2708203/32788034_digital-image.png"
"Schöfferhofer Maracuja 0,33l","Schöfferhofer","4053400202556","0.99","0,33l (1 l = 3 €)","Getränke & Genussmittel","False","https://img.rewe-static.de/7195173/32237404_digital-image.png"
"Jules Mumm Sekt Medium trocken 0,75l","Jules Mumm","4011900535109","5.49","0,75l (1 l = 7,32 €)","Getränke & Genussmittel","False","https://img.rewe-static.de/3066045/2414900_digital-image.png"
"REWE Beste Wahl Apfel Birnen Saft 1l","REWE Beste Wahl","4337256248105","1.89","1l","Getränke & Genussmittel","False","https://img.rewe-static.de/8098471/29355447_digital-image.png"
"Desperados Original 4x0,33l","Desperados","4002631040505","6.49","4x0,33l (1 l = 4,92 €)","Getränke & Genussmittel","False","https://img.rewe-static.de/4892976/2995400_digital-image.png"
"Hella Mineralwasser Medium 12x1l","Hella","4102380042772","7.69","12x1l (1 l = 0,64 €)","Getränke & Genussmittel","False","https://img.rewe-static.de/7578541/44056936_digital-image.png"
"REWE Beste Wahl Traubensaft 1l","REWE Beste Wahl","4388860469875","1.49","1l","Getränke & Genussmittel","False","https://img.rewe-static.de/0135301/1655250_digital-image.png"
"Coca-Cola 6x2l","Coca-Cola","5000112547429","13.14","6x2l (1 l = 1,10 €)","Getränke & Genussmittel","False","https://img.rewe-static.de/6730825/2175310_digital-image.png"
"Pfanner Ice Tea Wildkirsche 2l","Pfanner","9006900014810","1.99","2l (1 l = 1 €)","Getränke & Genussmittel","False","https://img.rewe-static.de/5356512/2821610_digital-image.png"
"REWE Beste Wahl Tomatensaft 1l","REWE Beste Wahl","4388844004962","1.29","1l","Getränke & Genussmittel","False","https://img.rewe-static.de/0135872/2074070_digital-image.png"
"Pfanner Ice Tea Mango-Maracuja 2l","Pfanner","9006900207182","1.99","2l (1 l = 1 €)","Getränke & Genussmittel","False","https://img.rewe-static.de/0531214/23715954_digital-image.png"
"Coca-Cola 10x0,33l","Coca-Cola","5000112612288","9.9","10x0,33l (1 l = 3 €)","Getränke & Genussmittel","False","https://img.rewe-static.de/1403832/29087987_digital-image.png"
"Coca-Cola Cherry 0,33l","Coca-Cola","5000112604467","0.99","0,33l (1 l = 3 €)","Getränke & Genussmittel","False","https://img.rewe-static.de/0038624/35289088_digital-image.png"
"Fürst Bismarck Mineralwasser Medium 12x0,75l","Fürst Bismarck","4102380502733","5.49","12x0,75l (1 l = 0,61 €)","Getränke & Genussmittel","False","https://img.rewe-static.de/8406771/30961191_digital-image.png"
"Active O2 Cherry 0,75l","Adelholzener","4005906274599","1.19","0,75l (1 l = 1,59 €)","Getränke & Genussmittel","False","https://img.rewe-static.de/0475455/9415830_digital-image.png"
"Veltins Pilsener 20x0,5l","Veltins","4005249000367","16.79","20x0,50l (1 l = 1,68 €)","Getränke & Genussmittel","False","https://img.rewe-static.de/4665929/3536800_digital-image.png"
"Hella Mineralwasser Still 0,75l","Hella","4102380026994","0.59","0,75l (1 l = 0,79 €)","Getränke & Genussmittel","False","https://img.rewe-static.de/0341604/3866000_digital-image.png"
"Monster Energy Ultra Watermelon 0,5l","Monster","5060751219095","1.49","0,50l (1 l = 2,98 €)","Getränke & Genussmittel","False","https://img.rewe-static.de/7886113/35691979_digital-image.png"
"Voelkel Bio Demeter Zitronensaft 0,2l","Voelkel","4015533045646","1.99","0,20l (1 l = 9,95 €)","Getränke & Genussmittel","False","https://img.rewe-static.de/7672601/39747255_digital-image.png"
"Today My Name Is Queen Perlwein 0,375l","Today","4010930009246","5.99","0,38l (1 l = 15,76 €)","Getränke & Genussmittel","False","https://img.rewe-static.de/8011368/34077088_digital-image.png"
"Today My Name Is Queen Roter Perlwein 0,375l","NA","4010930008928","5.99","0,38l (1 l = 15,76 €)","Getränke & Genussmittel","False","https://img.rewe-static.de/8126876/33171709_digital-image.png"
"Pfanner Ice Tea Time to Melonice Wassermelone 2l","Pfanner","9006900226589","1.99","2l (1 l = 1 €)","Getränke & Genussmittel","False","https://img.rewe-static.de/8710404/35463825_digital-image.png"
"Averna Amaro Siciliano 0,7l","Averna","8000400203782","10.99","0,70l (1 l = 15,70 €)","Getränke & Genussmittel","True","https://img.rewe-static.de/5211824/6125140_digital-image.png"
"Beck's Ice Lime & Mint 6x0,33l","Beck's","4100130900389","4.69","6x0,33l (1 l = 2,37 €)","Getränke & Genussmittel","False","https://img.rewe-static.de/0384404/727620_digital-image.png"
"Fritz-limo Melonenlimonade 0,33l","Fritz","4260107220060","1.39","0,33l (1 l = 4,21 €)","Getränke & Genussmittel","False","https://img.rewe-static.de/0373764/14359540_digital-image.png"
"Blanchet Weißwein Chardonnay trocken 0,75l","Blanchet","4001731321903","2.99","0,75l (1 l = 3,99 €)","Getränke & Genussmittel","True","https://img.rewe-static.de/1067632/12211880_digital-image.png"
"Capri-Sun Monster Alarm 0,2l","Capri-Sun","4000177171912","0.59","0,20l (1 l = 2,95 €)","Getränke & Genussmittel","False","https://img.rewe-static.de/2115801/34164187_digital-image.png"
"Störtebeker Schatzkiste 6x0,5l","Störtebeker","4014807210698","7.69","6x0,50l (1 l = 2,56 €)","Getränke & Genussmittel","False","https://img.rewe-static.de/0807963/9553440_digital-image.png"
"REWE Beste Wahl Fairtrade Orangensaft 1l","REWE Beste Wahl","4337256746717","2.99","1l","Getränke & Genussmittel","False","https://img.rewe-static.de/8248075/29227848_digital-image.png"
"Pepsi Zero Zucker Lemon 1,25l","Pepsi","4062139025398","0.79","1,25l (1 l = 0,63 €)","Getränke & Genussmittel","True","https://img.rewe-static.de/9074005/43268206_digital-image.png"
"Paulaner Spezi 0,5l","Paulaner","4066600603405","1.09","0,50l (1 l = 2,18 €)","Getränke & Genussmittel","False","https://img.rewe-static.de/7616406/13526040_digital-image.png"
"Puschkin Vodka 0,7l","Puschkin","4008669016024","7.99","0,70l (1 l = 11,41 €)","Getränke & Genussmittel","False","https://img.rewe-static.de/5451272/27620909_digital-image.png"
"Lillet Blanc Weinaperitif 17% 0,75l","Lillet","3057230000253","15.99","0,75l (1 l = 21,32 €)","Getränke & Genussmittel","False","https://img.rewe-static.de/0853125/20286403_digital-image.png"
"Barefoot Weißwein Moscato süß 0,75l","Barefoot","85000016688","5.99","0,75l (1 l = 7,99 €)","Getränke & Genussmittel","False","https://img.rewe-static.de/1333319/22128191_digital-image.png"
"Scavi & Ray Prosecco Frizzante 0,75l","Scavi & Ray","4025127041992","7.49","0,75l (1 l = 9,99 €)","Getränke & Genussmittel","False","https://img.rewe-static.de/0238753/18287840_digital-image.png"
"Freixenet Weißwein Mia Blanco Spanien lieblich 0,75l","Freixenet","8410384901268","4.49","0,75l (1 l = 5,99 €)","Getränke & Genussmittel","False","https://img.rewe-static.de/1102049/12086020_digital-image.png"
"Lipton Zero Sparkling Ice Tea Zitrone 4x0,33l","Lipton","4062139003242","2.76","4x0,33l (1 l = 2,09 €)","Getränke & Genussmittel","False","https://img.rewe-static.de/8562379/33605808_digital-image.png"
"True Fruits Smoothie triple yellow 750ml","True Fruits","4260122390373","3.49","750ml (1 l = 4,65 €)","Getränke & Genussmittel","True","https://img.rewe-static.de/0493135/11753640_digital-image.png"
"True Fruits Smoothie triple purple 750ml","True Fruits","4260122390403","3.49","750ml (1 l = 4,65 €)","Getränke & Genussmittel","True","https://img.rewe-static.de/0493136/11753650_digital-image.png"
"Boscabana Weißer Rum 0,7l","Boscabana","4337256819145","6.49","0,70l (1 l = 9,27 €)","Getränke & Genussmittel","False","https://img.rewe-static.de/6237118/654800_digital-image.png"
"Stemmari Rotwein Nero d' Avola DOC trocken 0,75l","Stemmari","8032601680222","4.99","0,75l (1 l = 6,65 €)","Getränke & Genussmittel","False","https://img.rewe-static.de/2057200/22619082_digital-image.png"
"REWE Beste Wahl Pfirsich Eistee 6x0,5l","REWE Beste Wahl","4337256176804","3.3","6x0,50l (1 l = 1,10 €)","Getränke & Genussmittel","False","https://img.rewe-static.de/8516791/34418356_digital-image.png"
"Nordlicht Landbier Mild 20x0,33l","Nordlicht","4388860702125","9.99","20x0,33l (1 l = 1,51 €)","Getränke & Genussmittel","False","https://img.rewe-static.de/8363910/30157157_digital-image.png"
"Rauch Happy Day Cocos-Ananas 1l","Happy Day","9008700150095","2.69","1l","Getränke & Genussmittel","False","https://img.rewe-static.de/1091496/10228780_digital-image.png"
"Volvic Grüner Tee Minze 6x1,5l","Volvic","3057640450983","11.34","6x1,50l (1 l = 1,26 €)","Getränke & Genussmittel","False","https://img.rewe-static.de/2666246/29523879_digital-image.png"
"Uludağ Gazoz Original Türkisches Erfrischungsgetränk 1l","NA","8690723163506","1.59","1l","Getränke & Genussmittel","False","https://img.rewe-static.de/0965461/32610149_digital-image.png"
"Coca-Cola Zero Sugar 0,5l","Coca-Cola","5000112552232","1.29","0,50l (1 l = 2,58 €)","Getränke & Genussmittel","False","https://img.rewe-static.de/0078429/24847135_digital-image.png"
"Schweppes Bitter Lemon 1,25l","Schweppes","4000140700118","1.49","1,25l (1 l = 1,19 €)","Getränke & Genussmittel","True","https://img.rewe-static.de/0106491/1887860_digital-image.png"
"Schweppes White Peach 1,25l","Schweppes","4000140714931","1.49","1,25l (1 l = 1,19 €)","Getränke & Genussmittel","True","https://img.rewe-static.de/7826248/36139250_digital-image.png"
"Chantré Weinbrand 0,1l","Chantré","4045144700108","1.99","0,10l (1 l = 19,90 €)","Getränke & Genussmittel","False","https://img.rewe-static.de/4000994/6484560_digital-image.png"
"Magnus Limo Orange 0,7l","Magnus","4001228514474","0.89","0,70l (1 l = 1,27 €)","Getränke & Genussmittel","False","https://img.rewe-static.de/2165515/35463763_digital-image.png"
"Somersby Blackberry Sparkling Cider 0,33l","Somersby","42400905","1.49","0,33l (1 l = 4,52 €)","Getränke & Genussmittel","False","https://img.rewe-static.de/8722040/42428641_digital-image.png"
"Krombacher Pils 0,33l","Krombacher","4008287056020","0.99","0,33l (1 l = 3 €)","Getränke & Genussmittel","False","https://img.rewe-static.de/7372604/26273898_digital-image.png"
"Kaliskaya Pfefferminzlikör 0,7l","Kaliskaya","4337256795296","3.49","0,70l","Getränke & Genussmittel","False","https://img.rewe-static.de/7602591/43926321_digital-image.png"
"Schweppes Indian Tonic Water Zero 1,25l","Schweppes","4000140710582","1.49","1,25l (1 l = 1,19 €)","Getränke & Genussmittel","True","https://img.rewe-static.de/3438261/30826700_digital-image.png"
"Krombacher Spezi Cola Orange Mix 0,5l","Krombacher","4008287949544","0.95","0,50l (1 l = 1,90 €)","Getränke & Genussmittel","False","https://img.rewe-static.de/7693391/39592306_digital-image.png"
"Metaxa Sieben Sterne 0,7l","Metaxa","5202795130022","19.99","0,70l (1 l = 28,56 €)","Getränke & Genussmittel","False","https://img.rewe-static.de/1257676/1103770_digital-image.png"
"Vilsa Bio Mineralwasser Classic 6x1l","Vilsa","4104450065315","3.9","6x1l (1 l = 0,65 €)","Getränke & Genussmittel","False","https://img.rewe-static.de/7192716/27736541_digital-image.png"
"Licor 43 Original 0,7l","Licor 43","8410221110150","15.99","0,70l (1 l = 22,84 €)","Getränke & Genussmittel","False","https://img.rewe-static.de/9602054/3240580_digital-image.png"
"San Pellegrino Mineralwasser Medium 6x1l","San Pellegrino","8002270041860","5.94","6x1l (1 l = 0,99 €)","Getränke & Genussmittel","False","https://img.rewe-static.de/0106567/3858550_digital-image.png"
"Budweiser Budvar Premium Lager 20x0,5l","Budweiser Budvar","8594403454123","14.99","20x0,50l (1 l = 1,50 €)","Getränke & Genussmittel","True","https://img.rewe-static.de/7921063/970020_digital-image.png"
"Somersby Red Rhubarb Sparkling Cider 0,33l","Somersby","42400974","1.49","0,33l (1 l = 4,52 €)","Getränke & Genussmittel","False","https://img.rewe-static.de/8667274/35102559_digital-image.png"
"Astra Urtyp Herrenhandtasche 6x0,33l","Astra","4067800007260","5.49","6x0,33l (1 l = 2,77 €)","Getränke & Genussmittel","False","https://img.rewe-static.de/0190044/3268680_digital-image.png"
"Bitburger Helles Lagerbier glutenfrei 0,33l","Bitburger","4102430072735","1.19","0,33l (1 l = 3,61 €)","Getränke & Genussmittel","False","https://img.rewe-static.de/3572526/31504419_digital-image.png"
"5,0 Original Weizen 0,5l","5,0 Original","4014086093302","0.69","0,50l (1 l = 1,38 €)","Getränke & Genussmittel","False","https://img.rewe-static.de/0019890/2298880_digital-image.png"
"Magnus Mineralwasser Medium 0,7l","Magnus","4001228513088","0.69","0,70l (1 l = 0,99 €)","Getränke & Genussmittel","False","https://img.rewe-static.de/7768931/27708650_digital-image.png"
"Magnus Mineralwasser Still 0,7l","Magnus","4001228513095","0.69","0,70l (1 l = 0,99 €)","Getränke & Genussmittel","False","https://img.rewe-static.de/9778624/30705042_digital-image.png"
"Somersby Orange Spritz Semi-Sweet Cider 0,33l","Somersby","42431299","1.49","0,33l (1 l = 4,52 €)","Getränke & Genussmittel","False","https://img.rewe-static.de/7702227/38461512_digital-image.png"
"Freixenet Roséwein Rosado trocken 0,75l","Freixenet","8410036808501","5.99","0,75l (1 l = 7,99 €)","Getränke & Genussmittel","False","https://img.rewe-static.de/8463774/31461077_digital-image.png"
"Nordbrand Pfefferminzlikör Pfeffi 0,7l","Nordbrand Nordhausen","4400065403109","4.99","0,70l (1 l = 7,13 €)","Getränke & Genussmittel","False","https://img.rewe-static.de/0202770/6652470_digital-image.png"
"Vöslauer Lemongrass sprudel 1l","Vöslauer","90098123","0.89","1l","Getränke & Genussmittel","False","https://img.rewe-static.de/8900087/39134330_digital-image.png"
"Magnus Apfelschorle 0,7l","Magnus","4001228511770","1.09","0,70l (1 l = 1,56 €)","Getränke & Genussmittel","False","https://img.rewe-static.de/0418021/33124309_digital-image.png"
"Volvic Mineralwasser Naturelle 6x1,5l","Volvic","3057640186233","3.99","6x1,50l (1 l = 0,44 €)","Getränke & Genussmittel","True","https://img.rewe-static.de/0263357/31809832_digital-image.png"
"28 Black Acai 0,25l","28 black","4260160950010","1.59","0,25l (1 l = 6,36 €)","Getränke & Genussmittel","False","https://img.rewe-static.de/0863759/8585910_digital-image.png"
"28 Black Sour Cherry 0,25l","28 black","4260160950874","1.59","0,25l (1 l = 6,36 €)","Getränke & Genussmittel","False","https://img.rewe-static.de/2353053/23660840_digital-image.png"
"Hitchcock Zitronensaft 100% Direktsaft 0,5l","Hitchcock","5410188802054","2.89","0,50l (1 l = 5,78 €)","Getränke & Genussmittel","False","https://img.rewe-static.de/5219078/23246955_digital-image.png"
"Afri Cola ohne Zucker 6x1l","Afri Cola","4009228250347","7.74","6x1l (1 l = 1,29 €)","Getränke & Genussmittel","False","https://img.rewe-static.de/2331298/24062079_digital-image.png"
"Hella Kirsche 0,75l","Hella","4102380027083","0.49","0,75l (1 l = 0,65 €)","Getränke & Genussmittel","True","https://img.rewe-static.de/0344635/1222700_digital-image.png"
"Rotkäppchen Fruchtsecco Granatapfel 0,2l","Rotkäppchen-Mumm","4014741641046","1.59","0,20l (1 l = 7,95 €)","Getränke & Genussmittel","False","https://img.rewe-static.de/2339336/23535255_digital-image.png"
"REWE Bio Orangensaft 1l","REWE Bio","4388844066137","2.99","1l","Getränke & Genussmittel","False","https://img.rewe-static.de/1279059/16339020_digital-image.png"
"Coca-Cola Zero 6x0,33l","Coca-Cola","5449000292506","4.99","6x0,33l (1 l = 2,52 €)","Getränke & Genussmittel","False","https://img.rewe-static.de/7800307/39282451_digital-image.png"
"Holsten Pilsener 0,5l","Holsten","42140818","0.79","0,50l (1 l = 1,58 €)","Getränke & Genussmittel","False","https://img.rewe-static.de/0016992/1152820_digital-image.png"
"Vöslauer Zitrone 1l","Vöslauer","90098093","0.89","1l","Getränke & Genussmittel","False","https://img.rewe-static.de/7703594/38200937_digital-image.png"
"Bitburger Pils 6x0,33l","Bitburger","4102430012410","4.79","6x0,33l (1 l = 2,42 €)","Getränke & Genussmittel","False","https://img.rewe-static.de/6642225/30705400_digital-image.png"
"Fürst Bismarck Apfelschorle 6x0,5l","Fürst Bismarck","4102380500357","5.34","6x0,50l (1 l = 1,78 €)","Getränke & Genussmittel","False","https://img.rewe-static.de/1220053/34450386_digital-image.png"
"Schöfferhofer Grapefruit 6x0,33l","Schöfferhofer","4053400058528","4.79","6x0,33l (1 l = 2,42 €)","Getränke & Genussmittel","False","https://img.rewe-static.de/0119361/948730_digital-image.png"
"fritz-kola Zuckerfrei 0,33l","Fritz","4260107220022","1.39","0,33l (1 l = 4,21 €)","Getränke & Genussmittel","False","https://img.rewe-static.de/0373739/22673327_digital-image.png"
"Gösser Naturradler 6x0,33l","Gösser","9028800656990","5.99","6x0,33l (1 l = 3,03 €)","Getränke & Genussmittel","False","https://img.rewe-static.de/2959545/26386028_digital-image.png"
"Innocent Direktsaft Multi Mix orange 900ml","Innocent","5038862430739","3.49","900ml (1 l = 3,88 €)","Getränke & Genussmittel","False","https://img.rewe-static.de/8639198/34183384_digital-image.png"
"Coca-Cola light taste 1l","Coca-Cola","5449000017895","1.69","1l","Getränke & Genussmittel","False","https://img.rewe-static.de/8002673/6079070_digital-image.png"
"hella Limo Orange 0,75l","Hella","4102380041102","0.79","0,75l (1 l = 1,05 €)","Getränke & Genussmittel","False","https://img.rewe-static.de/8690479/36572209_digital-image.png"
"Fürst Bismarck Wellplus Balance Traube-Ginseng-Kräuter 0,5l","Fürst Bismarck","4102380503624","0.89","0,50l (1 l = 1,78 €)","Getränke & Genussmittel","False","https://img.rewe-static.de/9067417/43406367_digital-image.png"
"Paderborner Pilsener 0,5l","Paderborner","4101120006685","0.79","0,50l (1 l = 1,58 €)","Getränke & Genussmittel","False","https://img.rewe-static.de/4190254/26283995_digital-image.png"
"Amecke Mehrfruchtsaft +Antioxidantien rot 1l","Amecke","4005517016038","2.79","1l","Getränke & Genussmittel","False","https://img.rewe-static.de/0338690/1400090_digital-image.png"
"Hella Mineralwasser Pink Caribic 6x0,75l","Hella","4102380042031","2.94","6x0,75l (1 l = 0,65 €)","Getränke & Genussmittel","True","https://img.rewe-static.de/8905044/38562138_digital-image.png"
"REWE Beste Wahl Pfirsich Eistee 0,5l","REWE Beste Wahl","4337256172257","0.55","0,50l (1 l = 1,10 €)","Getränke & Genussmittel","False","https://img.rewe-static.de/8514753/33094923_digital-image.png"
"J. Hettinger Rotwein Dornfelder Spätburgunder QbA trocken 1l","J | Hettinger","4018300880211","3.99","1l","Getränke & Genussmittel","False","https://img.rewe-static.de/0439946/1218000_digital-image.png"
"Biorebe Bio Weißwein Chardonnay trocken 0,75l","Biorebe","4003301018459","4.99","0,75l (1 l = 6,65 €)","Getränke & Genussmittel","False","https://img.rewe-static.de/0627285/6286890_digital-image.png"
"REWE Beste Wahl Apfelschorle 1l","REWE Beste Wahl","4388844154681","0.99","1l","Getränke & Genussmittel","False","https://img.rewe-static.de/2181723/23165907_digital-image.png"
"Krombacher's Fassbrause Maracuja 6x0,33l","Krombacher","4008287919981","4.79","6x0,33l (1 l = 2,42 €)","Getränke & Genussmittel","False","https://img.rewe-static.de/7245581/28014696_digital-image.png"
"Rockstar Energy Drink Original 0,5l","Rockstar","4062139004454","1.79","0,50l (1 l = 3,58 €)","Getränke & Genussmittel","False","https://img.rewe-static.de/7861466/33881992_digital-image.png"
"Mixery Iced Blue 6x0,33l","Mixery","4002631016722","5.79","6x0,33l (1 l = 2,92 €)","Getränke & Genussmittel","False","https://img.rewe-static.de/0341454/719060_digital-image.png"
"Nordlicht Pilsener 0,5l","Nordlicht","4337256557382","0.79","0,50l (1 l = 1,58 €)","Getränke & Genussmittel","False","https://img.rewe-static.de/8870298/39521335_digital-image.png"
"Jägermeister Kräuter Likör 0,04l","Jägermeister","40677040","1.69","0,04l (1 l = 42,25 €)","Getränke & Genussmittel","False","https://img.rewe-static.de/3107809/7449140_digital-image.png"
"Mezzacorona Weißwein Chardonnay DOC trocken 0,75l","NA","8004305000118","5.79","0,75l (1 l = 7,72 €)","Getränke & Genussmittel","False","https://img.rewe-static.de/0274072/35288982_digital-image.png"
"Coca-Cola Zero koffeinfrei 12x1l","Coca-Cola","5449000187406","15.99","12x1l (1 l = 1,33 €)","Getränke & Genussmittel","False","https://img.rewe-static.de/1913215/21023261_digital-image.png"
"Coca-Cola 6x0,33l","Coca-Cola","5449000043344","4.99","6x0,33l (1 l = 2,52 €)","Getränke & Genussmittel","False","https://img.rewe-static.de/8801710/39281789_digital-image.png"
"REWE Beste Wahl Orangensaft mit Fruchtfleisch 1l","REWE Beste Wahl","4388860678222","2.99","1l","Getränke & Genussmittel","False","https://img.rewe-static.de/0989114/7608960_digital-image.png"
"Bionade Bio Naturtrübe Zitrone 12x0,33l","Bionade","4014472980056","10.79","12x0,33l (1 l = 2,72 €)","Getränke & Genussmittel","False","https://img.rewe-static.de/8291030/29529099_digital-image.png"
"Krombacher's Fassbrause Himbeere 6x0,33l","Krombacher","4008287935547","4.79","6x0,33l (1 l = 2,42 €)","Getränke & Genussmittel","False","https://img.rewe-static.de/8591103/32849529_digital-image.png"
"Hasseröder Premium Pils 24x0,33l","Hasseröder","4014558122967","15.89","24x0,33l (1 l = 2,01 €)","Getränke & Genussmittel","False","https://img.rewe-static.de/8078068/2807430_digital-image.png"
"Coca-Cola Vanilla 12x1l","Coca-Cola","5449000101563","15.99","12x1l (1 l = 1,33 €)","Getränke & Genussmittel","False","https://img.rewe-static.de/7923538/20709674_digital-image.png"
"Fürst Bismarck Mineralwasser Medium 6x0,5l","Fürst Bismarck","4102380500272","3.54","6x0,50l (1 l = 1,18 €)","Getränke & Genussmittel","False","https://img.rewe-static.de/2192344/28030376_digital-image.png"
"Hella Naturell 6x1,5l","Hella","4102380025706","4.74","6x1,50l (1 l = 0,53 €)","Getränke & Genussmittel","False","https://img.rewe-static.de/0053659/22770326_digital-image.png"
"Granini Selection Mango 0,75l","Granini","4048517742446","2.29","0,75l (1 l = 3,05 €)","Getränke & Genussmittel","False","https://img.rewe-static.de/8937433/40116589_digital-image.png"
"Fruity Grüner Tee Zitrone 1l","Fruity","9006900013042","0.79","1l","Getränke & Genussmittel","False","https://img.rewe-static.de/7134835/1745970_digital-image.png"
"Quixx Energy Drink 1l","Quixx Energy","4002846005009","1.19","1l","Getränke & Genussmittel","False","https://img.rewe-static.de/7915567/32638593_digital-image.png"
"REWE Beste Wahl Sauerkirsch-Nektar 1l","REWE Beste Wahl","4388860238839","1.79","1l","Getränke & Genussmittel","False","https://img.rewe-static.de/0177494/719820_digital-image.png"
"Bionade Bio Holunder 0,33l","Bionade","4014472002512","1.09","0,33l (1 l = 3,30 €)","Getränke & Genussmittel","False","https://img.rewe-static.de/7658753/1227540_digital-image.png"
"Bionade Bio Zitrone Bergamotte 0,33l","Bionade","4014472281719","1.09","0,33l (1 l = 3,30 €)","Getränke & Genussmittel","False","https://img.rewe-static.de/2345716/26275064_digital-image.png"
"Red Bull Energy Drink 4x0,25l","Red Bull","9002490203658","3.8","4x0,25l","Getränke & Genussmittel","True","https://img.rewe-static.de/2843250/698730_digital-image.png"
"Absolut Vodka mit Sprite Zero Sugar 0,25l","Absolut","5000112669848","2.79","0,25l (1 l = 11,16 €)","Getränke & Genussmittel","False","https://img.rewe-static.de/9073344/42844572_digital-image.png"
"Light live Weißwein alkoholfrei 0,75l","Light Live","4001744024518","3.79","0,75l (1 l = 5,05 €)","Getränke & Genussmittel","False","https://img.rewe-static.de/8673179/6445440_digital-image.png"
"Gerolsteiner Medium 6x1,5l","Gerolsteiner","4001513101440","5.94","6x1,50l (1 l = 0,66 €)","Getränke & Genussmittel","False","https://img.rewe-static.de/6422551/3748960_digital-image.png"
"REWE to go Apfel Mango Maracuja Smoothie 250ml","REWE to go","4337256296373","1.29","250ml (1 l = 5,16 €)","Getränke & Genussmittel","False","https://img.rewe-static.de/8628139/34570229_digital-image.png"
"Beck's Ice 0,33l","Beck's","42150022","1.09","0,33l (1 l = 3,30 €)","Getränke & Genussmittel","False","https://img.rewe-static.de/0384400/7447240_digital-image.png"
"Veltins Biermix V+ Curuba Tequila-Flavour 6x0,33l","Veltins","4005249005737","4.79","6x0,33l (1 l = 2,42 €)","Getränke & Genussmittel","False","https://img.rewe-static.de/5671108/6917900_digital-image.png"
"MM Extra Sekt 0,75l","MM Extra","4011900800108","4.79","0,75l (1 l = 6,39 €)","Getränke & Genussmittel","False","https://img.rewe-static.de/0295361/2637840_digital-image.png"
"Paulaner Limo Orange 0,33l","Paulaner","4066600203735","0.85","0,33l (1 l = 2,58 €)","Getränke & Genussmittel","False","https://img.rewe-static.de/9047003/42279807_digital-image.png"
"REWE to go Smoothie Erdbeer Banane 250ml","REWE to go","4337256301299","1.29","250ml (1 l = 5,16 €)","Getränke & Genussmittel","False","https://img.rewe-static.de/8679140/34570285_digital-image.png"
"True Fruits Ingwer Shot 99ml","True Fruits","4260122391714","2.49","99ml (1 l = 25,15 €)","Getränke & Genussmittel","False","https://img.rewe-static.de/8013157/30935784_digital-image.png"
"Fanta Exotic 0,33l","Fanta","5000112514124","0.99","0,33l (1 l = 3 €)","Getränke & Genussmittel","False","https://img.rewe-static.de/8355448/30681592_digital-image.png"
"Volvic Bio Tee Pfirsichgeschmack 0,75l","Volvic","3057640560293","1.69","0,75l (1 l = 2,25 €)","Getränke & Genussmittel","False","https://img.rewe-static.de/8552608/33052096_digital-image.png"
"Smirnoff Ice Original 0,25l","Smirnoff","5410316958622","1.99","0,25l (1 l = 7,96 €)","Getränke & Genussmittel","True","https://img.rewe-static.de/8981479/40935084_digital-image.png"
"Original Oettinger alkoholfrei 20x0,5l","Oettinger","4014086910418","6.99","20x0,50l (1 l = 0,70 €)","Getränke & Genussmittel","True","https://img.rewe-static.de/5366500/1311720_digital-image.png"
"Jever Fun Pilsener alkoholfrei 0,33l","Jever","4008948191015","1.19","0,33l (1 l = 3,61 €)","Getränke & Genussmittel","False","https://img.rewe-static.de/8016496/27707138_digital-image.png"
"Pepsi Cola Zero Zucker 0,5l","Pepsi","4062139002214","1.19","0,50l (1 l = 2,38 €)","Getränke & Genussmittel","False","https://img.rewe-static.de/8577980/32763166_digital-image.png"
"Fritz-Kola Superzero 0,5l","Fritz-Kola","4260629550102","1.89","0,50l (1 l = 3,78 €)","Getränke & Genussmittel","False","https://img.rewe-static.de/8782496/37566329_digital-image.png"
"Afri Cola Mix 1l","Afri Cola","4051913102066","1.29","1l","Getränke & Genussmittel","False","https://img.rewe-static.de/8703886/36174641_digital-image.png"
"Fürst Bismarck Mineralwasser Classic 6x0,5l","Fürst Bismarck","4102380500234","3.54","6x0,50l (1 l = 1,18 €)","Getränke & Genussmittel","False","https://img.rewe-static.de/0438377/6409120_digital-image.png"
"Shatler's Cocktails Sex on the Beach 0,25l","Shatler's","4007675662010","2.99","0,25l (1 l = 11,96 €)","Getränke & Genussmittel","False","https://img.rewe-static.de/8009394/30860011_digital-image.png"
"Shatler's Cocktail Mai Tai 0,25l","Shatler's","4007675662027","2.99","0,25l (1 l = 11,96 €)","Getränke & Genussmittel","False","https://img.rewe-static.de/8008389/31283151_digital-image.png"
"Shatler's Cocktail Sprizz 0,25l","Shatler's","4007675662157","2.99","0,25l (1 l = 11,96 €)","Getränke & Genussmittel","False","https://img.rewe-static.de/7611154/42299311_digital-image.png"
"Shatler's Cocktails Mojito 0,25l","Shatler's","4007675662119","2.99","0,25l (1 l = 11,96 €)","Getränke & Genussmittel","False","https://img.rewe-static.de/8009483/33608714_digital-image.png"
"San Pellegrino Mineralwasser Medium 1l","San Pellegrino","8002270001864","0.99","1l","Getränke & Genussmittel","False","https://img.rewe-static.de/0106565/6721390_digital-image.png"
"REWE Beste Wahl Schwarzer Johannisbeer-Nektar 1l","REWE Beste Wahl","4388844106857","1.99","1l","Getränke & Genussmittel","False","https://img.rewe-static.de/0135299/34695740_digital-image.png"
"Chantré Weinbrand 0,7l","Chantré","4045144700702","8.99","0,70l (1 l = 12,84 €)","Getränke & Genussmittel","False","https://img.rewe-static.de/0128538/4773040_digital-image.png"
"REWE to go Smoothie Cassis Brombeer Apfel 250ml","REWE to go","4337256621410","1.29","250ml (1 l = 5,16 €)","Getränke & Genussmittel","False","https://img.rewe-static.de/8625952/34570279_digital-image.png"
"5,0 Original Pils 0,5l","5,0 Original","4014086093364","0.69","0,50l (1 l = 1,38 €)","Getränke & Genussmittel","False","https://img.rewe-static.de/0017012/2143310_digital-image.png"
"Volvic Bio Tee Hibiskus 0,75l","Volvic","3057640518058","1.69","0,75l (1 l = 2,25 €)","Getränke & Genussmittel","False","https://img.rewe-static.de/8279796/29189621_digital-image.png"
"Lipton Sparkling Ice Tea Zitrone 0,33l","Lipton","4062139025015","0.99","0,33l (1 l = 3 €)","Getränke & Genussmittel","False","https://img.rewe-static.de/7937252/32743788_digital-image.png"
"REWE Beste Wahl Maracuja-Nektar 1l","REWE Beste Wahl","4337256754187","1.99","1l","Getränke & Genussmittel","False","https://img.rewe-static.de/2796518/25452934_digital-image.png"
"Gösser Natur Radler 0,5l","Gösser","9028800638644","1.09","0,50l (1 l = 2,18 €)","Getränke & Genussmittel","False","https://img.rewe-static.de/2828882/25247324_digital-image.png"
"Innocent Smoothie Orange Karotte und Mango 250ml","Innocent","5038862231138","2.29","250ml (1 l = 9,16 €)","Getränke & Genussmittel","False","https://img.rewe-static.de/8695540/33646569_digital-image.png"
"Jim Beam Kentucky Straight Bourbon Whiskey 0,7l","Jim Beam","5010196091008","15.99","0,70l (1 l = 22,84 €)","Getränke & Genussmittel","False","https://img.rewe-static.de/0199257/883030_digital-image.png"
"Aperol Aperitivo 0,7l","Aperol","8002230000319","13.49","0,70l (1 l = 19,27 €)","Getränke & Genussmittel","False","https://img.rewe-static.de/8423910/30682098_digital-image.png"
"Rauch Happy Day Rhabarber 1l","Happy Day","9008700139793","2.69","1l","Getränke & Genussmittel","False","https://img.rewe-static.de/0700943/5259640_digital-image.png"
"Casella Amaretto 0,7l","Casella","4388844029040","5.49","0,70l (1 l = 7,84 €)","Getränke & Genussmittel","False","https://img.rewe-static.de/8830754/22424731_digital-image.png"
"Söhnlein Brillant Sekt halbtrocken 0,75l","Söhnlein Brillant","4003310013568","4.29","0,75l (1 l = 5,72 €)","Getränke & Genussmittel","False","https://img.rewe-static.de/0715921/1395230_digital-image.png"
"Beckers Bester Orangensaft Direkt 1l","beckers bester","4001716085523","4.89","1l","Getränke & Genussmittel","False","https://img.rewe-static.de/0187631/2460410_digital-image.png"
"Volvic Tee Pfirsich Zero 6x1,5l","Volvic","3057640574733","11.34","6x1,50l (1 l = 1,26 €)","Getränke & Genussmittel","False","https://img.rewe-static.de/8891709/40168151_digital-image.png"
"REWE to go Granatapfelsaft 500ml","REWE to go","4337256295727","1.99","500ml (1 l = 3,98 €)","Getränke & Genussmittel","False","https://img.rewe-static.de/8628248/34434697_digital-image.png"
"Schöfferhofer Grapefruit alkoholfrei 6x0,33l","Schöfferhofer","4053400081830","4.79","6x0,33l (1 l = 2,42 €)","Getränke & Genussmittel","False","https://img.rewe-static.de/2345508/23981996_digital-image.png"
"Capri-Sun Orange Multipack 10x0,2l","Capri-Sun","4000177032749","3.49","10x0,20l (1 l = 1,75 €)","Getränke & Genussmittel","True","https://img.rewe-static.de/9088543/43276832_digital-image.png"
"Grand Sud Rotwein Merlot trocken 1l","Grand Sud","3263286345518","4.99","1l","Getränke & Genussmittel","False","https://img.rewe-static.de/3248640/3313710_digital-image.png"
"Franziskaner Hefe-Weißbier Hell naturtrüb 20x0,5l","Franziskaner","4072700009009","21.49","20x0,50l (1 l = 2,15 €)","Getränke & Genussmittel","False","https://img.rewe-static.de/4669606/22381783_digital-image.png"
"La Gioiosa Prosecco Frizzante 0,75l","La Gioiosa","8006805146013","7.49","0,75l (1 l = 9,99 €)","Getränke & Genussmittel","False","https://img.rewe-static.de/0321558/7433190_digital-image.png"
"Schweppes Original Wild Berry 6x1,25l","Schweppes","4000140700644","8.94","6x1,25l (1 l = 1,19 €)","Getränke & Genussmittel","True","https://img.rewe-static.de/0519023/25265107_digital-image.png"
"Fanta Orange Zero 1l","Fanta","5449000138170","1.69","1l","Getränke & Genussmittel","False","https://img.rewe-static.de/0115390/7448030_digital-image.png"
"Schweppes Indian Tonic Water 6x1,25l","Schweppes","4000140700156","8.94","6x1,25l (1 l = 1,19 €)","Getränke & Genussmittel","True","https://img.rewe-static.de/0106515/22398066_digital-image.png"
"Vita Coco Kokosnusswasser 330ml","Vita Coco","898999000022","1.99","330ml (1 l = 6,03 €)","Getränke & Genussmittel","False","https://img.rewe-static.de/8915888/39144694_digital-image.png"
"Gerolsteiner Mineralwasser Naturell 1,5l","Gerolsteiner","4001513004161","0.99","1,50l (1 l = 0,66 €)","Getränke & Genussmittel","False","https://img.rewe-static.de/8642196/33755949_digital-image.png"
"Skyy Vodka 0,7l","SKYY Vodka","8000040007009","13.49","0,70l (1 l = 19,27 €)","Getränke & Genussmittel","False","https://img.rewe-static.de/8043779/6729520_digital-image.png"
"Oldesloer Waldmeister 0,7l","Oldesloer","40618128","5.49","0,70l (1 l = 7,84 €)","Getränke & Genussmittel","False","https://img.rewe-static.de/0017661/1454450_digital-image.png"
"granini Sensation Minty Melon Fruchtsaftgetränk 0,75l","Granini","4048517678974","2.29","0,75l (1 l = 3,05 €)","Getränke & Genussmittel","False","https://img.rewe-static.de/8028939/30776183_digital-image.png"
"Sierra Tequila Silver 0,7l","Sierra Tequila","4062400542104","14.99","0,70l (1 l = 21,41 €)","Getränke & Genussmittel","False","https://img.rewe-static.de/4583302/31208332_digital-image.png"
"Volvic Touch Zero Mango Passionsfrucht 6x1,5l","Volvic","3057640552113","11.34","6x1,50l (1 l = 1,26 €)","Getränke & Genussmittel","False","https://img.rewe-static.de/8477599/33919701_digital-image.png"
"Jack Daniel's Whiskey & Lynchburg Lemonade 0,33l","Jack Daniel's","5099873010280","2.99","0,33l (1 l = 9,06 €)","Getränke & Genussmittel","False","https://img.rewe-static.de/3236518/26665685_digital-image.png"
"Campari Bitter 0,7l","Campari","8000040001106","15.99","0,70l (1 l = 22,84 €)","Getränke & Genussmittel","False","https://img.rewe-static.de/0719374/24865262_digital-image.png"
"REWE Bio Apfelschorle 0,75l","REWE Bio","4337256802543","0.99","0,75l (1 l = 1,32 €)","Getränke & Genussmittel","False","https://img.rewe-static.de/9063459/42980791_digital-image.png"
"REWE Beste Wahl Mineralwasser Still 1l","REWE Beste Wahl","4388844154636","0.39","1l","Getränke & Genussmittel","False","https://img.rewe-static.de/2181394/23169356_digital-image.png"
"Mezzo Mix 1,5l","Mezzo Mix","5000112547801","1.19","1,50l (1 l = 0,79 €)","Getränke & Genussmittel","True","https://img.rewe-static.de/6730477/7445840_digital-image.png"
"Powerade Wild Cherry 0,5l","Powerade","90357367","1.39","0,50l (1 l = 2,78 €)","Getränke & Genussmittel","False","https://img.rewe-static.de/6652794/4783880_digital-image.png"
"Granini Pfirsich 1l","Granini","4048517751851","2.29","1l","Getränke & Genussmittel","False","https://img.rewe-static.de/7679333/40116333_digital-image.png"
"Faber Secco Frizzante trocken 0,75l","Faber","4001744063982","2.89","0,75l (1 l = 3,85 €)","Getränke & Genussmittel","False","https://img.rewe-static.de/1360790/20315094_digital-image.png"
"Lift light Orange Maracuja 1l","Lift","5449000300966","1.69","1l","Getränke & Genussmittel","False","https://img.rewe-static.de/7913297/33608635_digital-image.png"
"Mixery Iced Purple 0,5l","Mixery","4002631023447","1.29","0,50l (1 l = 2,58 €)","Getränke & Genussmittel","False","https://img.rewe-static.de/7717981/38643641_digital-image.png"
"Mixery Bier+Cola+X 0,33l","Mixery","4002631015916","1.09","0,33l (1 l = 3,30 €)","Getränke & Genussmittel","False","https://img.rewe-static.de/1140221/23672071_digital-image.png"
"Papa Fuego Mexikaner Mittelscharf 0,7l","Papa Fuego","4260538720061","10.99","0,70l (1 l = 15,70 €)","Getränke & Genussmittel","False","https://img.rewe-static.de/3540373/30819967_digital-image.png"
"Rockstar Energy Drink Tropical Guava 0,5l","Rockstar","4060800160126","1.79","0,50l (1 l = 3,58 €)","Getränke & Genussmittel","False","https://img.rewe-static.de/0870416/41888089_digital-image.png"
"Volvic Mineralwasser Naturelle 1,5l","Volvic","3057640186158","0.67","1,50l (1 l = 0,45 €)","Getränke & Genussmittel","True","https://img.rewe-static.de/0263349/27778849_digital-image.png"
"Krombacher Pils alkoholfrei 6x0,33l","Krombacher","4008287914504","4.79","6x0,33l (1 l = 2,42 €)","Getränke & Genussmittel","False","https://img.rewe-static.de/3223154/26330834_digital-image.png"
"Pfanner Fairtrade Mango-Maracuja 1l","Pfanner","9006900206291","2.29","1l","Getränke & Genussmittel","False","https://img.rewe-static.de/0410585/3378740_digital-image.png"
"Krombacher Radler 6x0,33l","Krombacher","4008287072365","4.79","6x0,33l (1 l = 2,42 €)","Getränke & Genussmittel","False","https://img.rewe-static.de/4299663/6620790_digital-image.png"
"Three Sixty Vodka 0,7l","Three Sixty","4007675400001","13.99","0,70l (1 l = 19,99 €)","Getränke & Genussmittel","False","https://img.rewe-static.de/0336235/14594200_digital-image.png"
"Fuze Tea Schwarzer Tee Pfirsich 6x1,25l","Fuze Tea","5449000232403","10.14","6x1,25l (1 l = 1,35 €)","Getränke & Genussmittel","False","https://img.rewe-static.de/8061934/32549069_digital-image.png"
"Jever Fun alkoholfrei 24x0,33l","Jever","4008948110061","11.79","24x0,33l (1 l = 1,49 €)","Getränke & Genussmittel","True","https://img.rewe-static.de/6451829/3245440_digital-image.png"
"Robby Bubble Jungle Party alkoholfrei 0,75l","Robby Bubble","4001681980588","3.35","0,75l (1 l = 4,47 €)","Getränke & Genussmittel","False","https://img.rewe-static.de/8174958/28346352_digital-image.png"
"Cinzano Asti 0,75l","Cinzano","8000020001874","6.99","0,75l (1 l = 9,32 €)","Getränke & Genussmittel","False","https://img.rewe-static.de/5042100/2292700_digital-image.png"
"Mixery Iced Blue 0,5l","Mixery","4002631028114","1.29","0,50l (1 l = 2,58 €)","Getränke & Genussmittel","False","https://img.rewe-static.de/0469822/8569490_digital-image.png"
"Erben Rotwein Dornfelder QbA halbtrocken 0,75l","Erben","4001432063034","4.99","0,75l (1 l = 6,65 €)","Getränke & Genussmittel","False","https://img.rewe-static.de/9566597/6072470_digital-image.png"
"Granini Himbeere-Maracuja-Apfel 1l","Granini","4048517741968","2.29","1l","Getränke & Genussmittel","False","https://img.rewe-static.de/8935473/41165075_digital-image.png"
"Krombacher Radler alkoholfrei 0,33l","Krombacher","4008287919752","0.99","0,33l (1 l = 3 €)","Getränke & Genussmittel","False","https://img.rewe-static.de/7231332/31504466_digital-image.png"
"Larsini Hugo Frizzante 0,75l","Larsini","4337256543859","1.79","0,75l (1 l = 2,39 €)","Getränke & Genussmittel","False","https://img.rewe-static.de/2108227/22191034_digital-image.png"
"Powerade Golden Mango 0,5l","Powerade","5000112673555","1.39","0,50l (1 l = 2,78 €)","Getränke & Genussmittel","False","https://img.rewe-static.de/9996684/44292227_digital-image.png"
"Bebivita 100% Saft Milder Apfel 0,5l","Bebivita","4018852032755","1.35","500ml (1 l = 2,70 €)","Getränke & Genussmittel","False","https://img.rewe-static.de/7859334/38270346_digital-image.png"
"Henri Delacote Crémant de Loire Brut 0,75l","NA","3151330335717","8.99","0,75l (1 l = 11,99 €)","Getränke & Genussmittel","False","https://img.rewe-static.de/3238966/26403606_digital-image.png"
"Bree Rosé Pinot Noir QbA feinherb 0,75l","Bree","4003301035968","5.49","0,75l (1 l = 7,32 €)","Getränke & Genussmittel","False","https://img.rewe-static.de/0276900/3332200_digital-image.png"
"Krombacher Natur Radler 6x0,33l","Krombacher","4008287941050","4.79","6x0,33l (1 l = 2,42 €)","Getränke & Genussmittel","False","https://img.rewe-static.de/7799002/36426699_digital-image.png"
"REWE Beste Wahl Kinder Punsch alkoholfrei 1l","REWE Beste Wahl","4337256255974","1.59","1l","Getränke & Genussmittel","False","https://img.rewe-static.de/8316703/29817544_digital-image.png"
"Mezzo Mix 4x1,5l","Mezzo Mix","5000112547818","4.76","4x1,50l (1 l = 0,79 €)","Getränke & Genussmittel","True","https://img.rewe-static.de/6730906/5336470_digital-image.png"
"König Pilsener 24x0,33l","König Pilsener","4100770300013","16.79","24x0,33l (1 l = 2,12 €)","Getränke & Genussmittel","False","https://img.rewe-static.de/4312406/5560080_digital-image.png"
"Pfanner Mulitvitamin ACE 1,5l","Pfanner","90167287","1.89","1,50l (1 l = 1,26 €)","Getränke & Genussmittel","False","https://img.rewe-static.de/0177985/9991200_digital-image.png"
"Vitamalz alkoholfrei 0,33l","Vitamalz","4001568702050","0.85","0,33l (1 l = 2,58 €)","Getränke & Genussmittel","False","https://img.rewe-static.de/2729030/25900846_digital-image.png"
"Lütauer Traubensaft 0,7l","NA","4034025000222","1.99","0,70l (1 l = 2,84 €)","Getränke & Genussmittel","False","https://img.rewe-static.de/1215487/41612948_digital-image.png"
"Kleiner Feigling Cookie Vanilla 0,5l","Kleiner Feigling","4004752254830","7.99","0,50l (1 l = 15,98 €)","Getränke & Genussmittel","False","https://img.rewe-static.de/7791606/35751882_digital-image.png"
"Coca-Cola 1l","Coca-Cola","5000112548280","1.39","1l","Getränke & Genussmittel","False","https://img.rewe-static.de/6729754/1244210_digital-image.png"
"Volvic Juicy Sommerfrüchte 6x1l","Volvic","3057640447938","10.74","6x1l (1 l = 1,79 €)","Getränke & Genussmittel","False","https://img.rewe-static.de/2357367/29523785_digital-image.png"
"Kleine Kopfer Sunshine Mix 25x0,02l","Kleiner Klopfer","4029884011731","10.49","25x0,02l (1 l = 20,98 €)","Getränke & Genussmittel","False","https://img.rewe-static.de/7239832/27820228_digital-image.png"
"Lipton Ice Tea Pfirsich 1,25l","Lipton","4062139009916","1.89","1,25l (1 l = 1,51 €)","Getränke & Genussmittel","False","https://img.rewe-static.de/9057936/42812089_digital-image.png"
"San Pellegrino Sanbitter alkoholfrei 6x98ml","San Pellegrino","8002270024924","4.49","6x98ml (1 l = 7,64 €)","Getränke & Genussmittel","False","https://img.rewe-static.de/0713358/25911637_digital-image.png"
"Blanchet Jolie Weißwein Blanc de Blancs lieblich 0,75l","Blanchet","4001731317999","2.99","0,75l (1 l = 3,99 €)","Getränke & Genussmittel","True","https://img.rewe-static.de/8408240/30741214_digital-image.png"
"Two Oceans Weißwein Sauvignon blanc Südafrika trocken 0,75l","Two Oceans","6001108069351","3.99","0,75l (1 l = 5,32 €)","Getränke & Genussmittel","False","https://img.rewe-static.de/8835306/2103560_digital-image.png"
"REWE Beste Wahl Mineralwasser Classic 1l","REWE Beste Wahl","4388844154438","0.39","1l","Getränke & Genussmittel","False","https://img.rewe-static.de/2181365/29935662_digital-image.png"
"Volvic Bio Tee Hibiskus 1,25l","Volvic","3057640551468","2.29","1,25l (1 l = 1,83 €)","Getränke & Genussmittel","False","https://img.rewe-static.de/8442469/37459423_digital-image.png"
"Rockstar Energy Drink Blueberry Pomegranate Acai 0,5l","Rockstar","4060800160683","1.79","0,50l (1 l = 3,58 €)","Getränke & Genussmittel","False","https://img.rewe-static.de/1446831/21096757_digital-image.png"
"Two Oceans Weißwein Moscato 0,75l","Two Oceans","6001108101976","3.99","0,75l (1 l = 5,32 €)","Getränke & Genussmittel","False","https://img.rewe-static.de/8441597/33894501_digital-image.png"
"REWE Beste Wahl Pink Grapefruit Direktsaft 1l","REWE Beste Wahl","4388844193352","2.49","1l","Getränke & Genussmittel","False","https://img.rewe-static.de/3288679/27231830_digital-image.png"
"SodaStream Getränkesirup Pepsi Cola 440ml","SodaStream","8719128117232","4.99","440ml (1 l = 11,34 €)","Getränke & Genussmittel","False","https://img.rewe-static.de/8412559/30818122_digital-image.png"
"Krombacher's Fassbrause Mango 6X0,33l","Krombacher","4008287924695","4.79","6x0,33l (1 l = 2,42 €)","Getränke & Genussmittel","False","https://img.rewe-static.de/8067887/31504470_digital-image.png"
"Yellow tail Rosé Pink Moscato süß 0,75l","[ yellow tail ]","9322214011414","5.49","0,75l (1 l = 7,32 €)","Getränke & Genussmittel","False","https://img.rewe-static.de/8277663/30437140_digital-image.png"
"Bionade Bio Naturtrübe Zitrone 0,33l","Bionade","4014472280095","1.09","0,33l (1 l = 3,30 €)","Getränke & Genussmittel","False","https://img.rewe-static.de/8279729/29835336_digital-image.png"
"Faber Krönung halbtrocken 0,75l","Faber","40758268","3.79","0,75l (1 l = 5,05 €)","Getränke & Genussmittel","False","https://img.rewe-static.de/0315192/2974400_digital-image.png"
"Bullit Energydrink Fruity Taste Berry Mix 0,5l","Bullit","4337256386791","0.79","0,50l (1 l = 1,58 €)","Getränke & Genussmittel","False","https://img.rewe-static.de/8698305/35152126_digital-image.png"
"Coca-Cola Zero koffeinfrei 1l","Coca-Cola","5449000187390","1.69","1l","Getränke & Genussmittel","False","https://img.rewe-static.de/1913214/21135214_digital-image.png"
"Laurenza Weißwein Pinot Grigio Delle Venezie trocken 0,75l","NA","4337256762830","2.79","0,75l (1 l = 3,72 €)","Getränke & Genussmittel","False","https://img.rewe-static.de/7223779/27664487_digital-image.png"
"Hella Mineralwasser Lemon 6x0,75l","Hella","4102380039154","3.54","6x0,75l (1 l = 0,79 €)","Getränke & Genussmittel","False","https://img.rewe-static.de/8024385/32704905_digital-image.png"
"Wikinger Met Honigwein 0,75l","NA","4004752229425","5.99","0,75l (1 l = 7,99 €)","Getränke & Genussmittel","False","https://img.rewe-static.de/7705344/30499680_digital-image.png"
"Osborne Solaz Rotwein trocken 0,75l","Osborne","8410337803038","5.99","0,75l (1 l = 7,99 €)","Getränke & Genussmittel","False","https://img.rewe-static.de/0899275/4773610_digital-image.png"
"Coca-Cola light taste 4x0,5l","Coca-Cola","5449000020697","4.76","4x0,50l (1 l = 2,38 €)","Getränke & Genussmittel","False","https://img.rewe-static.de/2797358/27415098_digital-image.png"
"Winzer Krems Weißwein Sandgrube 13 Grüner Veltliner trocken 0,75l","Winzer Krems","9005511032978","5.99","0,75l (1 l = 7,99 €)","Getränke & Genussmittel","False","https://img.rewe-static.de/8301565/1306940_digital-image.png"
"REWE to go Ice Tea Minze-Zitrone 0,5l","REWE to go","4337256341271","1.49","500l (1 l = 2,98 €)","Getränke & Genussmittel","False","https://img.rewe-static.de/8402210/30787724_digital-image.png"
"Gerolsteiner und Frucht Apfel Zitrone 0,75l","Gerolsteiner","4001513001573","1.19","0,75l (1 l = 1,59 €)","Getränke & Genussmittel","False","https://img.rewe-static.de/0913150/35561510_digital-image.png"
"Coca-Cola 4x1,5l","Coca-Cola","5000112547733","4.76","4x1,50l (1 l = 0,79 €)","Getränke & Genussmittel","True","https://img.rewe-static.de/6731201/2325040_digital-image.png"
"Orangina Original Bulby 0,5l","Orangina","4000140708268","1.39","0,50l (1 l = 2,78 €)","Getränke & Genussmittel","False","https://img.rewe-static.de/8157671/28274487_digital-image.png"
"Absolut Cocktails Pineapple Fizz 0,33l","Absolut","4005971397582","2.99","0,33l (1 l = 9,06 €)","Getränke & Genussmittel","False","https://img.rewe-static.de/8881169/38631281_digital-image.png"
"Nörten-Hardenberger Pils 0,33l","Nörten-Hardenberger","4069800005857","0.49","0,33l (1 l = 1,48 €)","Getränke & Genussmittel","False","https://img.rewe-static.de/5480418/26287432_digital-image.png"
"Ganic Vitamin Water Ananas Kiwi 0,5l","NA","4025127096053","1.09","0,50l (1 l = 2,18 €)","Getränke & Genussmittel","False","https://img.rewe-static.de/2975985/26476180_digital-image.png"
"Paulaner Hefeweißbier alkoholfrei 10x0,5l","Paulaner","4066601419128","7.0","10x0,50l (1 l = 1,40 €)","Getränke & Genussmittel","True","https://img.rewe-static.de/0007757/11033010_digital-image.png"
"Söhnlein Brillant Mango-Maracuja 0,75l","Söhnlein Brillant","4003310018617","4.29","0,75l (1 l = 5,72 €)","Getränke & Genussmittel","False","https://img.rewe-static.de/8555331/32745045_digital-image.png"
"Desperados Original 0,33l","Desperados","3155930001324","1.99","0,33l (1 l = 6,03 €)","Getränke & Genussmittel","False","https://img.rewe-static.de/6013732/711800_digital-image.png"
"Ganic Vitamin Water Wassermelone Minze 0,5l","NA","4025127087372","1.09","0,50l (1 l = 2,18 €)","Getränke & Genussmittel","False","https://img.rewe-static.de/7719209/40751423_digital-image.png"
"REWE Beste Wahl Mineralwasser Medium 0,5l","REWE Beste Wahl","4388844154797","0.29","0,50l (1 l = 0,58 €)","Getränke & Genussmittel","False","https://img.rewe-static.de/2181438/23169303_digital-image.png"
"Pepsi Electric Blue Zero 0,5l","Pepsi","4062139025848","1.19","0,50l (1 l = 2,38 €)","Getränke & Genussmittel","False","https://img.rewe-static.de/7576228/43633375_digital-image.png"
"Beck's Green Lemon Zero alkoholfrei 6x0,33l","Beck's","4100130900297","4.69","6x0,33l (1 l = 2,37 €)","Getränke & Genussmittel","False","https://img.rewe-static.de/1413238/24834947_digital-image.png"
"Corona Extra 6x0,35l","Corona","7501064191527","7.49","6x355ml (1 l = 3,52 €)","Getränke & Genussmittel","False","https://img.rewe-static.de/1306571/40032332_digital-image.png"
"Schöfferhofer Granatapfel + Guarana 0,33l","Schöfferhofer","4053400278834","0.99","0,33l (1 l = 3 €)","Getränke & Genussmittel","False","https://img.rewe-static.de/2096272/26289060_digital-image.png"
"fritz-kola Zuckerfrei 0,5l","Fritz","4260107222972","1.89","0,50l (1 l = 3,78 €)","Getränke & Genussmittel","False","https://img.rewe-static.de/2848723/25425419_digital-image.png"
"Granini Fresh Grapefruit Rosmarin 0,75l","Granini","4048517754487","1.59","0,75l (1 l = 2,12 €)","Getränke & Genussmittel","False","https://img.rewe-static.de/8989238/40804688_digital-image.png"
"Deit Cola Mix 12x1l","Deit","4104450123183","8.49","12x1l (1 l = 0,71 €)","Getränke & Genussmittel","True","https://img.rewe-static.de/9699279/1442300_digital-image.png"
"Paulaner Spezi Zero 0,33l","Paulaner","4066600204435","0.85","0,33l (1 l = 2,58 €)","Getränke & Genussmittel","False","https://img.rewe-static.de/8708943/35034811_digital-image.png"
"Schwip Schwap Zero 6x1,25l","Schwip Schwap","4062139025480","4.74","6x1,25l (1 l = 0,63 €)","Getränke & Genussmittel","True","https://img.rewe-static.de/7592996/43268194_digital-image.png"
"Effect Energy Drink Bubble Gum 0,33l","Effect","4025127087396","0.79","0,33l (1 l = 2,39 €)","Getränke & Genussmittel","True","https://img.rewe-static.de/7715577/39871846_digital-image.png"
"Schweppes Original Wild Berry Zero 1,25l","Schweppes","4000140713392","1.49","1,25l (1 l = 1,19 €)","Getränke & Genussmittel","True","https://img.rewe-static.de/8476398/32619530_digital-image.png"
"Fritz-Limo Orangenlimonade 0,5l","Fritz","4260107222989","1.89","0,50l (1 l = 3,78 €)","Getränke & Genussmittel","False","https://img.rewe-static.de/2848824/27562488_digital-image.png"
"Fritz-limo Zitronenlimonade 0,5l","Fritz","4260107222996","1.89","0,50l (1 l = 3,78 €)","Getränke & Genussmittel","False","https://img.rewe-static.de/2848847/27797262_digital-image.png"
"La Mancha Los Cantaros Weißwein Bio Blanco trocken 0,75l","La Mancha","4024967303734","3.99","0,75l (1 l = 5,32 €)","Getränke & Genussmittel","False","https://img.rewe-static.de/7248628/22380512_digital-image.png"
"Volvic Juicy Orange-Mango 0,5l 6er Pack","Volvic","3057640449178","5.94","6x0,50l (1 l = 1,98 €)","Getränke & Genussmittel","False","https://img.rewe-static.de/2358289/24847698_digital-image.png"
"Flensburger Malz 0,33l","Flensburger","42095064","1.09","0,33l (1 l = 3,30 €)","Getränke & Genussmittel","False","https://img.rewe-static.de/0862525/27485839_digital-image.png"
"Erben Rosé Portugieser Weißherbst lieblich 0,75l","Erben","4001432008035","4.99","0,75l (1 l = 6,65 €)","Getränke & Genussmittel","False","https://img.rewe-static.de/5133807/2429890_digital-image.png"
"Schilkin Berliner Luft Pfefferminz Likör 0,7l","Schilkin","4013228325202","7.99","0,70l (1 l = 11,41 €)","Getränke & Genussmittel","False","https://img.rewe-static.de/0109996/3062710_digital-image.png"
"Veltins Pilsener 24x0,33l","Veltins","4005249000169","16.79","24x0,33l (1 l = 2,12 €)","Getränke & Genussmittel","False","https://img.rewe-static.de/6952763/2319030_digital-image.png"
"Valensina Kids Benjamin Blümchen Fruchtmix mit Karotte 6x0,33l","Valensina","4009491220115","6.54","6x0,33l (1 l = 3,30 €)","Getränke & Genussmittel","False","https://img.rewe-static.de/8657124/36968295_digital-image.png"
"Volvic Tee Pfirsich 0,75l","Volvic","3057640461033","0.99","0,75l (1 l = 1,32 €)","Getränke & Genussmittel","False","https://img.rewe-static.de/0859131/6422700_digital-image.png"
"Mionetto Prosecco D.O.C. Treviso Brut 0,2l","Mionetto","8006220110774","2.99","0,20l (1 l = 14,95 €)","Getränke & Genussmittel","False","https://img.rewe-static.de/0832460/31101393_digital-image.png"
"REWE Beste Wahl Kirsch-Bananen-Nektar 1l","REWE Beste Wahl","4388860239218","1.39","1l","Getränke & Genussmittel","False","https://img.rewe-static.de/0135083/719800_digital-image.png"
"Hohes C Multivitaminsaft 100% Saft 1l","Hohes C","4048517701832","2.49","1l","Getränke & Genussmittel","False","https://img.rewe-static.de/8632137/34113165_digital-image.png"
"Wodka Gorbatschow 0,7l","Wodka Gorbatschow","4003310013759","6.49","0,70l (1 l = 9,27 €)","Getränke & Genussmittel","True","https://img.rewe-static.de/4547063/30119827_digital-image.png"
"Pfanner Ice Tea Waldbeere 2l","Pfanner","9006900014803","1.99","2l (1 l = 1 €)","Getränke & Genussmittel","False","https://img.rewe-static.de/1407287/1858630_digital-image.png"
"Vöslauer Junior natürliches Mineralwasser für Kids 6x0,33l","Vöslauer","9009700207994","4.5","6x0,33l (1 l = 2,27 €)","Getränke & Genussmittel","False","https://img.rewe-static.de/0702901/22728217_digital-image.png"
"Krombacher Natur Radler alkoholfrei 6x0,33l","Krombacher","4008287950311","4.79","6x0,33l (1 l = 2,42 €)","Getränke & Genussmittel","False","https://img.rewe-static.de/8916473/43522645_digital-image.png"
"San Miguel 6x0,33l","San Miguel","8410655006388","5.79","6x0,33l (1 l = 2,92 €)","Getränke & Genussmittel","False","https://img.rewe-static.de/0856196/33960616_digital-image.png"
"Schöfferhofer Hefeweizen 6x0,33l","Schöfferhofer","4053400073354","4.99","6x0,33l (1 l = 2,52 €)","Getränke & Genussmittel","False","https://img.rewe-static.de/1213530/19175330_digital-image.png"
"Christinen Multi-Vitamin 0,5l","Christinen","4042600398381","1.15","0,50l (1 l = 2,30 €)","Getränke & Genussmittel","False","https://img.rewe-static.de/0021886/2342720_digital-image.png"
"Fanta Limón Zero 1,5l","Fanta","5000112626070","1.19","1,50l (1 l = 0,79 €)","Getränke & Genussmittel","True","https://img.rewe-static.de/3273671/26549074_digital-image.png"
"REWE Beste Wahl Milder Apfel 1l","REWE Beste Wahl","4337256264204","1.59","1l","Getränke & Genussmittel","False","https://img.rewe-static.de/7896504/34742061_digital-image.png"
"Monster Energy Zero Sugar 0,5l","Monster","5060335635242","1.49","0,50l (1 l = 2,98 €)","Getränke & Genussmittel","False","https://img.rewe-static.de/1317063/19684040_digital-image.png"
"Schwip Schwap Zero Lemon 6x1,25l","Schwip Schwap","4062139025527","4.74","6x1,25l (1 l = 0,63 €)","Getränke & Genussmittel","True","https://img.rewe-static.de/7528640/43268178_digital-image.png"
"Innocent Direktsaft Orange ohne Fruchtfleisch 330ml","Innocent","5038862430906","2.29","330ml (1 l = 6,94 €)","Getränke & Genussmittel","False","https://img.rewe-static.de/8641971/33596998_digital-image.png"
"Red Bull Energy Drink 0,25l","Red Bull","90162565","0.95","0,25l (1 l = 3,80 €)","Getränke & Genussmittel","True","https://img.rewe-static.de/2201429/3209700_digital-image.png"
"Pepsi Cola Zero Zucker 6x1,25l","Pepsi","4062139025305","4.74","6x1,25l (1 l = 0,63 €)","Getränke & Genussmittel","True","https://img.rewe-static.de/9070511/43268200_digital-image.png"
"Fanta Orange 0,33l","Fanta","5000112604726","0.99","0,33l (1 l = 3 €)","Getränke & Genussmittel","False","https://img.rewe-static.de/0038630/2109280_digital-image.png"
"Jules Mumm Sekt Rosé Dry trocken 0,75l","Jules Mumm","4011900538100","5.49","0,75l (1 l = 7,32 €)","Getränke & Genussmittel","False","https://img.rewe-static.de/0153910/10018700_digital-image.png"
"Jack Daniel's Tennessee Whiskey 0,7l","Jack Daniel's","5099873089798","19.99","0,70l (1 l = 28,56 €)","Getränke & Genussmittel","False","https://img.rewe-static.de/4676050/3229750_digital-image.png"
"Hohes C All-In-One Everyday 0,85l","Hohes C","4048517757303","2.49","0,85l (1 l = 2,93 €)","Getränke & Genussmittel","False","https://img.rewe-static.de/7512870/44075383_digital-image.png"
"Fuze Tea Pfirsisch Hibiskus 1,25l","Fuze Tea","5000112642285","1.69","1,25l (1 l = 1,35 €)","Getränke & Genussmittel","False","https://img.rewe-static.de/9012167/42149001_digital-image.png"
"Monster Energy Zero Sugar 0,5l","Monster","5060947549555","1.49","0,50l (1 l = 2,98 €)","Getränke & Genussmittel","False","https://img.rewe-static.de/9024936/41810707_digital-image.png"
"Monster Energy Juiced Aussie Lemonade 0,5l","Monster","5060947541986","1.49","0,50l (1 l = 2,98 €)","Getränke & Genussmittel","False","https://img.rewe-static.de/7723039/39592321_digital-image.png"
"Seven Oaks Blended Whiskey 0,7l","Seven Oaks","4337256623247","9.49","0,70l (1 l = 13,56 €)","Getränke & Genussmittel","False","https://img.rewe-static.de/8919299/40748759_digital-image.png"
"Shatler's Cocktails Pink Gin Fizz 0,25l","Shatler's","4007675662133","2.99","0,25l (1 l = 11,96 €)","Getränke & Genussmittel","False","https://img.rewe-static.de/7748669/36984705_digital-image.png"
"Quelly Vita 10 ACE 6x1,5l","NA","4100060012435","8.94","6x1,50l (1 l = 0,99 €)","Getränke & Genussmittel","False","https://img.rewe-static.de/3261292/33124513_digital-image.png"
"Mio Mio Mate Ginger 0,5l","Mio Mio","4002846034603","1.09","0,50l (1 l = 2,18 €)","Getränke & Genussmittel","False","https://img.rewe-static.de/3206273/26263657_digital-image.png"
"Jägermeister 0,7l","Jägermeister","4067700011015","14.49","0,70l (1 l = 20,70 €)","Getränke & Genussmittel","False","https://img.rewe-static.de/0104183/2405360_digital-image.png"
"Veltins Pilsener 6x0,33l","Veltins","4005249000343","4.79","6x0,33l (1 l = 2,42 €)","Getränke & Genussmittel","False","https://img.rewe-static.de/4276779/793380_digital-image.png"
"Pitú Original do Brasil 0,7l","Pitú","4000269003428","11.99","0,70l (1 l = 17,13 €)","Getränke & Genussmittel","False","https://img.rewe-static.de/8324771/29499469_digital-image.png"
"Rauch Yippy Erdbeere 6x0,33l","Rauch","9008700192422","5.34","6x0,33l (1 l = 2,70 €)","Getränke & Genussmittel","False","https://img.rewe-static.de/7199508/40571570_digital-image.png"
"Orson's 42 London Dry Gin & Tonic 0,33l","NA","4337256125970","1.69","0,33l (1 l = 5,12 €)","Getränke & Genussmittel","False","https://img.rewe-static.de/8108040/29287005_digital-image.png"
"Jack Daniel's Whiskey mixed with Berry 0,33l","Jack Daniel's","5099873015148","2.99","0,33l (1 l = 9,06 €)","Getränke & Genussmittel","False","https://img.rewe-static.de/8095718/28926638_digital-image.png"
"Jack Daniel's Whiskey mixed with Ginger 0,33l","Jack Daniel's","5099873023594","2.99","0,33l (1 l = 9,06 €)","Getränke & Genussmittel","False","https://img.rewe-static.de/0340268/20396185_digital-image.png"
"Red Bull Energy Drink Zero 0,25l","Red Bull","90415296","0.95","0,25l (1 l = 3,80 €)","Getränke & Genussmittel","True","https://img.rewe-static.de/2004546/21411060_digital-image.png"
"Bacardi Spiced 0,7l","Bacardi","7610113007518","14.49","0,70l (1 l = 20,70 €)","Getränke & Genussmittel","False","https://img.rewe-static.de/8724754/35368450_digital-image.png"
"Red Bull Energy Drink Blue Edition Heidelbeere 0,25l","Red Bull","90376603","0.95","0,25l (1 l = 3,80 €)","Getränke & Genussmittel","True","https://img.rewe-static.de/1299509/16520710_digital-image.png"
"Erdbeerlimes 0,7l","NA","4337256745192","4.99","0,70l (1 l = 7,13 €)","Getränke & Genussmittel","False","https://img.rewe-static.de/7622974/43242482_digital-image.png"
"Guinness Extra Stout 6x0,33l","Guinness","4053400011424","6.49","6x0,33l (1 l = 3,28 €)","Getränke & Genussmittel","False","https://img.rewe-static.de/1984502/22457048_digital-image.png"
"Red Bull Energy Drink Zuckerfrei 0,25l","Red Bull","90162480","0.95","0,25l (1 l = 3,80 €)","Getränke & Genussmittel","True","https://img.rewe-static.de/0478443/1247320_digital-image.png"
"Red Bull Energy Drink Purple Edition Açaí 0,25l","Red Bull","90433221","0.95","0,25l (1 l = 3,80 €)","Getränke & Genussmittel","True","https://img.rewe-static.de/7183966/27270746_digital-image.png"
"REWE Bio Zitronensaft Direktsaft 250ml","REWE Bio","4337256086943","1.69","250ml (1 l = 6,76 €)","Getränke & Genussmittel","False","https://img.rewe-static.de/8488920/32354855_digital-image.png"
"Coca-Cola Zero 6x0,33l","Coca-Cola","5449000150783","4.29","6x0,33l (1 l = 2,17 €)","Getränke & Genussmittel","False","https://img.rewe-static.de/2503623/38347306_digital-image.png"
"Capri-Sun Kirsche Multipack 10x0,2l","Capri-Sun","4000177997000","3.49","10x0,20l (1 l = 1,75 €)","Getränke & Genussmittel","True","https://img.rewe-static.de/3645983/26223101_digital-image.png"
"Paulaner Spezi 20x0,5l","Paulaner","4066600103400","15.49","20x0,50l (1 l = 1,55 €)","Getränke & Genussmittel","False","https://img.rewe-static.de/5282110/913160_digital-image.png"
"Schweppes Original Wild Berry 1,25l","Schweppes","4000140700637","1.49","1,25l (1 l = 1,19 €)","Getränke & Genussmittel","True","https://img.rewe-static.de/0403541/1887830_digital-image.png"
"Coca-Cola Zero Sugar 0,33l","Coca-Cola","5000112604450","0.99","0,33l (1 l = 3 €)","Getränke & Genussmittel","False","https://img.rewe-static.de/0045656/20711572_digital-image.png"
"1112 Weißwein Grauburgunder trocken 0,75l","NA","4061443552002","4.99","0,75l (1 l = 6,65 €)","Getränke & Genussmittel","False","https://img.rewe-static.de/7206719/28035741_digital-image.png"
"Coca-Cola light taste 1,5l","Coca-Cola","5000112547788","1.19","1,50l (1 l = 0,79 €)","Getränke & Genussmittel","True","https://img.rewe-static.de/6730566/7484200_digital-image.png"
"REWE Beste Wahl Apfel schwarze Johannisbeere Himbeere 1l","REWE Beste Wahl","4337256753159","1.89","1l","Getränke & Genussmittel","False","https://img.rewe-static.de/8273879/29898464_digital-image.png"
"REWE Beste Wahl Milder Apfel 0,33l","REWE Beste Wahl","4337256259293","0.72","0,33l (1 l = 2,18 €)","Getränke & Genussmittel","False","https://img.rewe-static.de/7902625/34742056_digital-image.png"
"Red Bull Energy Drink Yellow Edition Tropical 0,25l","Red Bull","90415722","0.95","0,25l (1 l = 3,80 €)","Getränke & Genussmittel","True","https://img.rewe-static.de/2354475/23586492_digital-image.png"
"Rauch Happy Day Cranberry 1l","Happy Day","9008700128971","2.69","1l","Getränke & Genussmittel","False","https://img.rewe-static.de/0153048/988910_digital-image.png"
"Corona Cero 0,0% alkoholfrei 6x0,355l","Corona","5410228292869","7.49","6x355ml (1 l = 3,52 €)","Getränke & Genussmittel","False","https://img.rewe-static.de/8713801/36377650_digital-image.png"
"Miluna Rotwein Negroamaro halbtrocken 0,75l","NA","8023354042818","6.99","0,75l (1 l = 9,32 €)","Getränke & Genussmittel","False","https://img.rewe-static.de/8412234/41306820_digital-image.png"
"REWE Beste Wahl Mandarinensaft 100% 1l","REWE Beste Wahl","4337256726719","2.69","1l","Getränke & Genussmittel","False","https://img.rewe-static.de/8626953/34567470_digital-image.png"
"Rotbäckchen Immunstark 0,7l","Rotbäckchen","4004191008445","3.49","0,70ml (1 l = 4,99 €)","Getränke & Genussmittel","False","https://img.rewe-static.de/0885162/8166530_digital-image.png"
"Valensina Orange Mango Ananas 1l","Valensina","4009491022085","2.49","1l","Getränke & Genussmittel","False","https://img.rewe-static.de/7861684/34416315_digital-image.png"
"Tres Reyes Rotwein Tempranillo-Syrah trocken 0,75l","NA","8437014028263","6.99","0,75l (1 l = 9,32 €)","Getränke & Genussmittel","False","https://img.rewe-static.de/2834743/31978503_digital-image.png"
"Martini Bianco 0,75l","Martini","7630040401012","8.99","0,75l (1 l = 11,99 €)","Getränke & Genussmittel","False","https://img.rewe-static.de/0169420/3115910_digital-image.png"
"Heineken 6x0,33l","Heineken","8712000029296","6.29","6x0,33l (1 l = 3,18 €)","Getränke & Genussmittel","False","https://img.rewe-static.de/0701771/5260400_digital-image.png"
"Kaliskaya Wodka 0,7l","Kaliskaya","4388844046726","5.49","0,70l (1 l = 7,84 €)","Getränke & Genussmittel","False","https://img.rewe-static.de/6471706/3079210_digital-image.png"
"Active O2 Pfirsich-Weißer-Tee 0,75l","Adelholzener","4005906274629","1.19","0,75l (1 l = 1,59 €)","Getränke & Genussmittel","False","https://img.rewe-static.de/0475452/7449250_digital-image.png"
"Nordlicht Landbier Mild 0,5l","Nordlicht","4337256085069","0.79","0,50l (1 l = 1,58 €)","Getränke & Genussmittel","False","https://img.rewe-static.de/7990044/31378361_digital-image.png"
"Hella ACE 0,75l","Hella","4102380028783","0.79","0,75l (1 l = 1,05 €)","Getränke & Genussmittel","False","https://img.rewe-static.de/0903488/23994217_digital-image.png"
"Gordon's Gin 0,7l","Gordon's","5000289925440","13.99","0,70l (1 l = 19,99 €)","Getränke & Genussmittel","False","https://img.rewe-static.de/0150592/1472410_digital-image.png"
"Desperados Original 0,65l","Desperados","3155930006633","3.09","0,65l (1 l = 4,75 €)","Getränke & Genussmittel","False","https://img.rewe-static.de/6260250/3409720_digital-image.png"
"Coca-Cola 2l","Coca-Cola","5000112547412","2.19","2l (1 l = 1,10 €)","Getränke & Genussmittel","False","https://img.rewe-static.de/6729673/5904320_digital-image.png"
"REWE Beste Wahl der Grüne Zitronen-Kaktusfeigengeschmack 1l","REWE Beste Wahl","21989315","0.85","1l","Getränke & Genussmittel","False","https://img.rewe-static.de/7727598/38658245_digital-image.png"
"Folonari Pinot Grigio Rosé 1l","Folonari","8000160636387","4.49","1l","Getränke & Genussmittel","False","https://img.rewe-static.de/8459640/30960905_digital-image.png"
"Pitú Premium Caipirinha 0,33l","Pitú","4000269003350","2.79","0,33l (1 l = 8,45 €)","Getränke & Genussmittel","False","https://img.rewe-static.de/8276061/29039537_digital-image.png"
"Magnus Brause Himbeer 0,7l","Magnus","4001228513873","0.89","0,70l","Getränke & Genussmittel","False","https://img.rewe-static.de/0817427/44320212_digital-image.png"
"Gordon's Alcohol Free alkoholfrei 0,7l","Gordon's","5000289933605","13.99","0,70l (1 l = 19,99 €)","Getränke & Genussmittel","False","https://img.rewe-static.de/8643671/33708553_digital-image.png"
"Lausitzer Kirsch-Porter 0,5l","Lausitzer","4018588003296","0.99","0,50l (1 l = 1,98 €)","Getränke & Genussmittel","False","https://img.rewe-static.de/0047149/7445690_digital-image.png"
"Coca-Cola Zero Sugar 12x0,5l","Coca-Cola","5449000134325","15.48","12x0,50l (1 l = 2,58 €)","Getränke & Genussmittel","False","https://img.rewe-static.de/2833770/25365898_digital-image.png"
"Coca-Cola Zero Sugar 1l","Coca-Cola","5000112638806","1.79","1l","Getränke & Genussmittel","False","https://img.rewe-static.de/8134809/30507448_digital-image.png"
"Gerolsteiner Plus Zitrone 0,75l","Gerolsteiner","4001513003676","1.19","0,75l (1 l = 1,59 €)","Getränke & Genussmittel","False","https://img.rewe-static.de/8267469/29098800_digital-image.png"
"Red Bull Energy Drink Aprikose Erdbeere 0,25l","Red Bull","90448638","0.95","0,25l (1 l = 3,80 €)","Getränke & Genussmittel","True","https://img.rewe-static.de/7833758/34810217_digital-image.png"
"Coca-Cola 0,33l","Coca-Cola","5000112602029","0.99","0,33l (1 l = 3 €)","Getränke & Genussmittel","False","https://img.rewe-static.de/6359221/887830_digital-image.png"
"Capri-Sun Jungle Drink 10x0,2l","Capri-Sun","4000177026700","3.49","10x0,20l (1 l = 1,75 €)","Getränke & Genussmittel","True","https://img.rewe-static.de/8534052/33540527_digital-image.png"
"Monster Energy Rehab Peach Tea 0,5l","Monster","5060337507608","1.49","0,50l (1 l = 2,98 €)","Getränke & Genussmittel","False","https://img.rewe-static.de/3277386/26418248_digital-image.png"
"Amecke Citrus Orange 1l","Amecke","4005517004011","3.69","1l","Getränke & Genussmittel","False","https://img.rewe-static.de/5051720/1267640_digital-image.png"
"Light Live Sparkling weiß alkoholfrei 0,75l","Light Live","4013100416653","3.79","0,75l (1 l = 5,05 €)","Getränke & Genussmittel","False","https://img.rewe-static.de/5372380/5780320_digital-image.png"
"Rotkäppchen Sekt trocken 0,75l","Rotkäppchen-Mumm","4400066903417","4.99","0,75l (1 l = 6,65 €)","Getränke & Genussmittel","False","https://img.rewe-static.de/6242901/3039910_digital-image.png"
"Hohes C Roter Multi 1l","Hohes C","4048517742927","2.49","1l","Getränke & Genussmittel","False","https://img.rewe-static.de/7682482/39675008_digital-image.png"
"Volvic Recharge Vitamin+ Himbeere 0,75l","Volvic","3057640598913","1.69","0,75l (1 l = 2,25 €)","Getränke & Genussmittel","False","https://img.rewe-static.de/9084202/43228933_digital-image.png"
"Volvic Touch Apfel 6x1,5l","Volvic","3057640366093","11.34","6x1,50l (1 l = 1,26 €)","Getränke & Genussmittel","False","https://img.rewe-static.de/0262983/29524083_digital-image.png"
"Volvic Awake Vitamin+ Zitrone 0,75l","Volvic","3057640598333","1.69","0,75l (1 l = 2,25 €)","Getränke & Genussmittel","False","https://img.rewe-static.de/9080681/43229390_digital-image.png"
"Tavernello Weißwein Tafelwein trocken 1l","Tavernello","8008530008970","2.79","1l","Getränke & Genussmittel","False","https://img.rewe-static.de/0169624/35089403_digital-image.png"
"Vilsa Medium 12x1l","Vilsa","4104450124081","4.49","12x1l (1 l = 0,37 €)","Getränke & Genussmittel","True","https://img.rewe-static.de/8188629/3152240_digital-image.png"
"Volvic essence Bio Apfel-Zitrone 0,75l","Volvic","3057640503283","1.39","0,75l (1 l = 1,85 €)","Getränke & Genussmittel","False","https://img.rewe-static.de/7210291/28366489_digital-image.png"
"Leverno Zitronen-Fix 100ml","Leverno","4013200334048","0.99","100ml (1 l = 9,90 €)","Getränke & Genussmittel","False","https://img.rewe-static.de/8183295/22452934_digital-image.png"
"Mineau Mineralwasser medium 12x1l","Mineau","4010491124105","4.29","12x1l (1 l = 0,36 €)","Getränke & Genussmittel","False","https://img.rewe-static.de/5913713/2953070_digital-image.png"
"Krombacher's Fassbrause Rhabarber 6x0,33l","Krombacher","4008287905427","4.79","6x0,33l (1 l = 2,42 €)","Getränke & Genussmittel","False","https://img.rewe-static.de/2110567/22694800_digital-image.png"
"Gerolsteiner Apfelschorle 0,75l","Gerolsteiner","4001513000880","1.19","0,75l (1 l = 1,59 €)","Getränke & Genussmittel","False","https://img.rewe-static.de/0913245/35151557_digital-image.png"
"Rotkäppchen Sekt Rosé trocken 0,75l","Rotkäppchen-Mumm","4014741003813","4.99","0,75l (1 l = 6,65 €)","Getränke & Genussmittel","False","https://img.rewe-static.de/3007234/1807200_digital-image.png"
"Monster Energy Juiced Bad Apple 0,5l","Monster","5061013944809","1.49","0,50l (1 l = 2,98 €)","Getränke & Genussmittel","False","https://img.rewe-static.de/7563150/42685102_digital-image.png"
"Pfanner Apfel Direktsaft naturtrüb 1l","Pfanner","9006900221249","1.99","1l","Getränke & Genussmittel","False","https://img.rewe-static.de/7216541/27591910_digital-image.png"
"Red Bull Energy Drink Pink Edition Waldbeere 0,25l","Red Bull","90456220","0.95","0,25l (1 l = 3,80 €)","Getränke & Genussmittel","True","https://img.rewe-static.de/7607339/42337820_digital-image.png"
"Aquintéll Lemon 12x1l","Aquintéll","4018715060529","5.99","12x1l (1 l = 0,50 €)","Getränke & Genussmittel","False","https://img.rewe-static.de/4700392/1824830_digital-image.png"
"Freixenet Rotwein Mederano Tinto halbtrocken 0,75l","Freixenet","8410384008387","4.49","0,75l (1 l = 5,99 €)","Getränke & Genussmittel","False","https://img.rewe-static.de/7157380/13485700_digital-image.png"
"Maybach Weißwein Riesling QbA trocken 0,75l","Maybach","4003301051340","4.99","0,75l (1 l = 6,65 €)","Getränke & Genussmittel","False","https://img.rewe-static.de/1145790/15974010_digital-image.png"
"Beck's Pils 24x0,33l","Beck's","4100130000119","18.79","24x0,33l (1 l = 2,37 €)","Getränke & Genussmittel","False","https://img.rewe-static.de/0108570/22381300_digital-image.png"
"Bombay Sapphire London Dry Gin 0,7l","Bombay","5010677714006","16.99","0,70l (1 l = 24,27 €)","Getränke & Genussmittel","True","https://img.rewe-static.de/0581690/3295840_digital-image.png"
"Deit Orange 1l","Deit","4104450003270","1.29","1l","Getränke & Genussmittel","False","https://img.rewe-static.de/1356453/21172261_digital-image.png"
"Mineau Mineralwasser Naturelle 12x1l","Mineau","4010491124402","4.29","12x1l (1 l = 0,36 €)","Getränke & Genussmittel","False","https://img.rewe-static.de/0502270/5513540_digital-image.png"
"Rotkäppchen Fruchtsecco Granatapfel 0,75l","Rotkäppchen-Mumm","4014741641015","4.99","0,75l (1 l = 6,65 €)","Getränke & Genussmittel","False","https://img.rewe-static.de/2115694/22265926_digital-image.png"
"Rauch Yippy Multi 0,33l","Rauch","9008700175920","0.99","0,33l (1 l = 3 €)","Getränke & Genussmittel","False","https://img.rewe-static.de/2273013/23025076_digital-image.png"
"Volvic Touch Mango Passionsfrucht Zero 1,5l","Volvic","3057640552038","1.89","1,50l (1 l = 1,26 €)","Getränke & Genussmittel","False","https://img.rewe-static.de/8474784/31866124_digital-image.png"
"Jägermeister 0,35l","Jägermeister","4067700011022","7.29","0,35l (1 l = 20,83 €)","Getränke & Genussmittel","False","https://img.rewe-static.de/0104108/3542990_digital-image.png"
"Volvic Tee Zitrone Zero 1,5l","Volvic","3057640574993","1.89","1,50l (1 l = 1,26 €)","Getränke & Genussmittel","False","https://img.rewe-static.de/7707332/39730775_digital-image.png"
"Adelholzener Eistee Pfirsich Active fresh 0,75l","Adelholzener","4005906007173","1.19","0,75l (1 l = 1,59 €)","Getränke & Genussmittel","False","https://img.rewe-static.de/7672820/38551687_digital-image.png"
"Monster Energy Pacific Punch 0,5l","Monster","5060639126682","1.49","0,50l (1 l = 2,98 €)","Getränke & Genussmittel","False","https://img.rewe-static.de/8402719/31107857_digital-image.png"
"Deit Tropische Früchte 1l","Deit","4104450003263","1.29","1l","Getränke & Genussmittel","False","https://img.rewe-static.de/2353780/26274483_digital-image.png"
"REWE to go Mango-Passionsfrucht Ice Tea 0,5l","REWE to go","4337256554459","1.49","500ml (1 l = 2,98 €)","Getränke & Genussmittel","False","https://img.rewe-static.de/8876905/38355069_digital-image.png"
"Deit Pink Grapefruit zuckerfrei 0,75l","Deit","4019313006384","1.19","0,75l (1 l = 1,59 €)","Getränke & Genussmittel","False","https://img.rewe-static.de/1440199/20984884_digital-image.png"
"Maybach Portugieser Rosé QbA süß und fruchtig 0,75l","Maybach","4003301085673","4.99","0,75l (1 l = 6,65 €)","Getränke & Genussmittel","False","https://img.rewe-static.de/8021752/32612132_digital-image.png"
"Vio Bio Limo Orange 1l","Vio","5449000122995","1.79","1l","Getränke & Genussmittel","False","https://img.rewe-static.de/2455438/24167881_digital-image.png"
"Hella Mineralwasser Classic 12x0,7","Hella","4102380039673","5.59","12x0,70l (1 l = 0,67 €)","Getränke & Genussmittel","False","https://img.rewe-static.de/8525075/32477028_digital-image.png"
"Bionade Bio Schwarze Johanisbeere-Rosmarin 0,33l","Bionade","4053400201634","1.09","0,33l (1 l = 3,30 €)","Getränke & Genussmittel","False","https://img.rewe-static.de/3198151/27797593_digital-image.png"
"Volvic Juicy Berry Mix 0,5l","Volvic","3057640429613","0.99","0,50l (1 l = 1,98 €)","Getränke & Genussmittel","False","https://img.rewe-static.de/1997642/21589149_digital-image.png"
"Fürst Bismarck Mineralwasser Classic 6x1,5","Fürst Bismarck","4102380501057","3.6","6x1,50l (1 l = 0,40 €)","Getränke & Genussmittel","True","https://img.rewe-static.de/0187418/27523615_digital-image.png"
"Volvic essence Bio Zitrusfrucht Rosmarin 0,75l","Volvic","3057640503863","1.39","0,75l (1 l = 1,85 €)","Getränke & Genussmittel","False","https://img.rewe-static.de/7207399/28147845_digital-image.png"
"Havana Club Cola 330ml","Havana Club","4005971394307","2.99","0,33l (1 l = 9,06 €)","Getränke & Genussmittel","False","https://img.rewe-static.de/1992393/21476446_digital-image.png"
"Volvic Touch Orange Zitrone 6x1,5l","Volvic","3057640573323","11.34","6x1,50l (1 l = 1,26 €)","Getränke & Genussmittel","False","https://img.rewe-static.de/8775423/36971478_digital-image.png"
"Coca-Cola Vanilla Ohne Zucker 0,5l","Coca-Cola","5000112639445","1.29","0,50l (1 l = 2,58 €)","Getränke & Genussmittel","False","https://img.rewe-static.de/8105577/30323151_digital-image.png"
"NordQuell Mineralwasser Classic 12x1l","NordQuell","4102380042987","5.49","12x1l","Getränke & Genussmittel","False","https://img.rewe-static.de/9190070/45538896_digital-image.png"
"Beckers Bester Apfelsaft Naturtrüb 1l","beckers bester","4001716011423","3.29","1l","Getränke & Genussmittel","False","https://img.rewe-static.de/7052057/22712011_digital-image.png"
"Kronenhof Klarer 0,7l","Kronenhof","4337256733342","4.89","0,70l (1 l = 6,99 €)","Getränke & Genussmittel","False","https://img.rewe-static.de/0833375/5820920_digital-image.png"
"Lütauer Apfel-Kirsch-Saft 0,7l","NA","4034025000093","1.99","0,70l (1 l = 2,84 €)","Getränke & Genussmittel","False","https://img.rewe-static.de/1355398/31691066_digital-image.png"
"Val Duna Weißwein Pinot Grigio trocken 0,75l","Val Duna","4002287000915","3.79","0,75l (1 l = 5,05 €)","Getränke & Genussmittel","False","https://img.rewe-static.de/1123998/3881260_digital-image.png"
"NordQuell Mineralwasser Naturell 12x1l","NordQuell","4102380043045","5.49","12x1l","Getränke & Genussmittel","False","https://img.rewe-static.de/7580976/45899406_digital-image.png"
"Kloster Eberbach Weißwein Riesling Classic trocken 0,75l","Kloster Eberbach","4004850998957","8.99","0,75l (1 l = 11,99 €)","Getränke & Genussmittel","False","https://img.rewe-static.de/7586590/22979100_digital-image.png"
"Monster Energy 4x0,5l","Monster","5060517884406","4.99","4x0,50l (1 l = 2,50 €)","Getränke & Genussmittel","False","https://img.rewe-static.de/7284378/33607180_digital-image.png"
"Franziskaner Weißbier alkoholfrei 0,5l","Franziskaner","4072700802525","1.29","0,50l (1 l = 2,58 €)","Getränke & Genussmittel","False","https://img.rewe-static.de/2562022/11049540_digital-image.png"
"Amecke Mehrfruchtsaft +Eisen 1l","Amecke","4005517016007","2.79","1l","Getränke & Genussmittel","False","https://img.rewe-static.de/2206889/1400110_digital-image.png"
"Hella Pfirsich 6x0,75l","Hella","4102380027816","2.94","6x0,75l (1 l = 0,65 €)","Getränke & Genussmittel","True","https://img.rewe-static.de/0552963/20549981_digital-image.png"
"Krombacher Pils alkoholfrei 6x0,33l","Krombacher","4008287052664","4.79","6x0,33l (1 l = 2,42 €)","Getränke & Genussmittel","False","https://img.rewe-static.de/6489303/3747800_digital-image.png"
"REWE Beste Wahl Apfelschorle 6x0,5l","REWE Beste Wahl","4388844154919","4.14","6x0,50l (1 l = 1,38 €)","Getränke & Genussmittel","False","https://img.rewe-static.de/2181717/23278811_digital-image.png"
"Magnus Mineralwasser Medium 12x0,7l","Magnus","4001228113080","5.49","12x0,70l (1 l = 0,65 €)","Getränke & Genussmittel","False","https://img.rewe-static.de/7195141/24075118_digital-image.png"
"Beckers Bester Apfelsaft klar 1l","beckers bester","4001716081129","2.99","1l","Getränke & Genussmittel","False","https://img.rewe-static.de/0188450/2446470_digital-image.png"
"Hella Erdbeer 6x0,75l","Hella","4102380027069","2.94","6x0,75l (1 l = 0,65 €)","Getränke & Genussmittel","True","https://img.rewe-static.de/0341610/2111270_digital-image.png"
"Active O2 Iced Berry 0,75l","Adelholzener","4005906274742","1.19","0,75l (1 l = 1,59 €)","Getränke & Genussmittel","False","https://img.rewe-static.de/0475449/23788305_digital-image.png"
"Schwip Schwap 6x1,25l","Schwip Schwap","4062139025442","4.74","6x1,25l (1 l = 0,63 €)","Getränke & Genussmittel","True","https://img.rewe-static.de/9073067/43268204_digital-image.png"
"Somersby Apple Sparkling Cider 0,33l","Somersby","42400868","1.49","0,33l (1 l = 4,52 €)","Getränke & Genussmittel","False","https://img.rewe-static.de/7850637/43170851_digital-image.png"
"Aperol Spritz fertig gemixt 3x0,2l","Aperol","8002230340552","8.99","3x0,20l (1 l = 14,98 €)","Getränke & Genussmittel","False","https://img.rewe-static.de/7700015/39593918_digital-image.png"
"Hella Wassermelone 6x0,75l","Hella","4102380041973","2.94","6x0,75l (1 l = 0,65 €)","Getränke & Genussmittel","True","https://img.rewe-static.de/7699338/40086241_digital-image.png"
"Mio Mio Cola 0,5l","Mio Mio","4002846034306","1.09","0,50l (1 l = 2,18 €)","Getränke & Genussmittel","False","https://img.rewe-static.de/2233245/23892359_digital-image.png"
"fritz-kola 0,5l","Fritz","4260107222262","1.89","0,50l (1 l = 3,78 €)","Getränke & Genussmittel","False","https://img.rewe-static.de/2229169/25402571_digital-image.png"
"Coca-Cola 1l","Coca-Cola","5449000017888","1.69","1l","Getränke & Genussmittel","False","https://img.rewe-static.de/8002630/6079040_digital-image.png"
"Schweppes Virgin Mojito alkoholfrei 1,25l","Schweppes","4000140714900","1.49","1,25l (1 l = 1,19 €)","Getränke & Genussmittel","True","https://img.rewe-static.de/8708343/36139024_digital-image.png"
"Prime Strawberry Watermelon 0,5l","PRIME","4004019073051","1.99","0,50l (1 l = 3,98 €)","Getränke & Genussmittel","False","https://img.rewe-static.de/7597994/42672626_digital-image.png"
"PRIME Blue Raspberry 0,5l","PRIME","4004019073013","1.99","0,50l (1 l = 3,98 €)","Getränke & Genussmittel","False","https://img.rewe-static.de/7571800/41755737_digital-image.png"
"Mio Mio Cola Zero 0,5l","Mio Mio","4002846034207","1.09","0,50l (1 l = 2,18 €)","Getränke & Genussmittel","False","https://img.rewe-static.de/2439909/23892357_digital-image.png"
"Alta Corte Weißwein Lugana DOC trocken 0,75l","NA","8005516002816","9.99","0,75l (1 l = 13,32 €)","Getränke & Genussmittel","False","https://img.rewe-static.de/8336319/41306819_digital-image.png"
"Monster Energy Juiced Khaotic 0,5l","Monster","5060896622859","1.49","0,50l (1 l = 2,98 €)","Getränke & Genussmittel","False","https://img.rewe-static.de/8697782/36899534_digital-image.png"
"Tiffany Quick Himbeere 100g","Tiffany Quick","4002221002630","0.69","100g (1 kg = 6,90 €)","Getränke & Genussmittel","False","https://img.rewe-static.de/2485788/3688100_digital-image.png"
"Bitburger Pils 24x0,33l","Bitburger","4102430011406","17.79","24x0,33l (1 l = 2,25 €)","Getränke & Genussmittel","False","https://img.rewe-static.de/0935492/22381505_digital-image.png"
"ESN Hydorade Sports Drink Iso Berry 500ml","ESN","4250519670188","1.69","500ml (1 l = 3,38 €)","Getränke & Genussmittel","False","https://img.rewe-static.de/9078083/43872792_digital-image.png"
"ESN Hydorade Sports Drink Iso Lemon 500ml","ESN","4250519670195","1.69","500ml (1 l = 3,38 €)","Getränke & Genussmittel","False","https://img.rewe-static.de/7586622/43875590_digital-image.png"
"Erben Spätlese Weißwein lieblich 0,75l","Erben","4001432005034","4.99","0,75l (1 l = 6,65 €)","Getränke & Genussmittel","False","https://img.rewe-static.de/0316326/2551270_digital-image.png"
"Goodie Eistee Limited Fibii-Edition Orange-Minze 0,5l","NA","4260705332271","0.79","0,50l (1 l = 1,58 €)","Getränke & Genussmittel","False","https://img.rewe-static.de/7572599/44414520_digital-image.png"
"Johnnie Walker Red 0,7l","Johnnie Walker","5000267014203","14.99","0,70l (1 l = 21,41 €)","Getränke & Genussmittel","False","https://img.rewe-static.de/0108723/2409680_digital-image.png"
"PRIME Ice Pop 0,5l","PRIME","4004019073020","1.99","0,50l (1 l = 3,98 €)","Getränke & Genussmittel","False","https://img.rewe-static.de/9012602/41755771_digital-image.png"
"Schwip Schwap Zero 1,25l","Schwip Schwap","4062139025473","0.79","1,25l (1 l = 0,63 €)","Getränke & Genussmittel","True","https://img.rewe-static.de/7591795/43268190_digital-image.png"
"Oldesloer Weizenkorn 32% 1l","Oldesloer","40618005","9.99","1l","Getränke & Genussmittel","False","https://img.rewe-static.de/8940177/28455637_digital-image.png"
"Granini Pink Grapefruit 1l","Granini","4048517742286","2.29","1l","Getränke & Genussmittel","False","https://img.rewe-static.de/7681172/40116324_digital-image.png"
"Hohes C Milder Apfelsaft 100% Saft 1,5l","Hohes C","4048517631511","2.99","1,50l (1 l = 1,99 €)","Getränke & Genussmittel","False","https://img.rewe-static.de/0134760/44429892_digital-image.png"
"Hella Erdbeer 6x1,5l","Hella","4102380026024","7.74","6x1,50l (1 l = 0,86 €)","Getränke & Genussmittel","False","https://img.rewe-static.de/0053668/22770327_digital-image.png"
"Magnus Mineralwasser Classic 12x0,7l","Magnus","4001228113172","5.49","12x0,70l (1 l = 0,65 €)","Getränke & Genussmittel","False","https://img.rewe-static.de/4227395/22431917_digital-image.png"
"Porto Alvarez Tawny Rotwein Likörwein 0,75l","NA","4388844021341","6.49","0,75l (1 l = 8,65 €)","Getränke & Genussmittel","False","https://img.rewe-static.de/0946676/7180050_digital-image.png"
"Rockstar Energy Drink Strawberry Lime Zero Sugar 0,5l","Rockstar","4062139006861","1.79","0,50l (1 l = 3,58 €)","Getränke & Genussmittel","False","https://img.rewe-static.de/9062705/42758843_digital-image.png"
"Monster Energy Pipeline Punch 0,5l","Monster","5060517883607","1.49","0,50l (1 l = 2,98 €)","Getränke & Genussmittel","False","https://img.rewe-static.de/7249970/27516698_digital-image.png"
"REWE Feine Welt London Dry Gin 0,7l","REWE Feine Welt","4388844040373","12.99","0,70l (1 l = 18,56 €)","Getränke & Genussmittel","False","https://img.rewe-static.de/2810947/26862511_digital-image.png"
"fritz-kola 0,33l","Fritz","4260107220015","1.39","0,33l (1 l = 4,21 €)","Getränke & Genussmittel","False","https://img.rewe-static.de/0373716/5206550_digital-image.png"
"Jever Pilsener 6x0,33l","Jever","4008948130007","4.79","6x0,33l (1 l = 2,42 €)","Getränke & Genussmittel","False","https://img.rewe-static.de/6641873/1028450_digital-image.png"
"REWE Beste Wahl Milder Apfel 6x1l","REWE Beste Wahl","4337256265003","9.54","6x1l (1 l = 1,59 €)","Getränke & Genussmittel","False","https://img.rewe-static.de/7897801/35216764_digital-image.png"
"Veltins Helles Pülleken 6x0,33l","Pülleken","4005249061733","4.79","6x0,33l (1 l = 2,42 €)","Getränke & Genussmittel","False","https://img.rewe-static.de/8014731/30983808_digital-image.png"
"Rockstar Energy Drink Watermelon Kiwi Zero Sugar 0,5l","Rockstar","4062139006847","1.79","0,50l (1 l = 3,58 €)","Getränke & Genussmittel","False","https://img.rewe-static.de/7601911/42758844_digital-image.png"
"Sprite 1l","Sprite","5449000017932","1.69","1l","Getränke & Genussmittel","False","https://img.rewe-static.de/8002770/7445120_digital-image.png"
"REWE Beste Wahl Apfelsaft naturtrüb 1l","REWE Beste Wahl","4337256752381","1.49","1l","Getränke & Genussmittel","False","https://img.rewe-static.de/0135202/2107340_digital-image.png"
"Gallo Rotwein Family Vineyards Zinfandel halbtrocken 0,75l","Gallo","85000002674","5.99","0,75l (1 l = 7,99 €)","Getränke & Genussmittel","False","https://img.rewe-static.de/8985430/784030_digital-image.png"
"Lillet Rosé Weinaperitif 17% 0,75l","Lillet","3057230000277","15.99","0,75l (1 l = 21,32 €)","Getränke & Genussmittel","False","https://img.rewe-static.de/1372825/25462798_digital-image.png"
"Fanta Mango & Dragonfuit 0,33l","Fanta","5000112515848","0.99","0,33l (1 l = 3 €)","Getränke & Genussmittel","False","https://img.rewe-static.de/3617773/31976218_digital-image.png"
"Heineken 20x0,4l","Heineken","4260197090734","19.99","20x0,40l (1 l = 2,50 €)","Getränke & Genussmittel","False","https://img.rewe-static.de/2008989/22134687_digital-image.png"
"Pfanner Bio Pure Tea Früchtetee 1l","Pfanner","90167744","1.19","1l","Getränke & Genussmittel","False","https://img.rewe-static.de/2349685/23597939_digital-image.png"
"Moselland Weißwein Riesling Müller-Thurgau QbA Lieblich 0,75l","Moselland","4006975005084","3.99","0,75l (1 l = 5,32 €)","Getränke & Genussmittel","True","https://img.rewe-static.de/7528701/2576460_digital-image.png"
"Fanta Lemon & Elderflower 0,33l","Fanta","5000112514100","0.99","0,33l (1 l = 3 €)","Getränke & Genussmittel","False","https://img.rewe-static.de/7845079/35473003_digital-image.png"
"ThirsTea Eistee Kokos Heidelbeere vegan 0,75l","NA","25939507","0.79","0,75l","Getränke & Genussmittel","False","https://img.rewe-static.de/7615317/43105191_digital-image.png"
"Fritz-spritz Bio Apfelsaftschorle 0,33l","Fritz","4260107222514","1.49","0,33l (1 l = 4,52 €)","Getränke & Genussmittel","False","https://img.rewe-static.de/2323084/24383946_digital-image.png"
"Orangina Original Bulby 6x0,5l","Orangina","4000140709425","8.34","6x0,50l (1 l = 2,78 €)","Getränke & Genussmittel","False","https://img.rewe-static.de/8157672/29552447_digital-image.png"
"REWE Bio Smoothie Meal red 250ml","REWE Bio","4337256781329","1.99","250ml (1 l = 7,96 €)","Getränke & Genussmittel","False","https://img.rewe-static.de/7603205/42682881_digital-image.png"
"Freixenet Rotwein Cabernet Sauvignon halbtrocken 0,75l","Freixenet","8410036808488","5.99","0,75l (1 l = 7,99 €)","Getränke & Genussmittel","False","https://img.rewe-static.de/7981544/31461076_digital-image.png"
"Veltins Fassbrause Zitrone 6x0,33l","Veltins","4005249002620","4.79","6x0,33l (1 l = 2,42 €)","Getränke & Genussmittel","False","https://img.rewe-static.de/1280367/17221890_digital-image.png"
"Vilsa Limonade Orange-Mango 1l","Vilsa","4104450004284","0.99","1l","Getränke & Genussmittel","False","https://img.rewe-static.de/7239054/41359685_digital-image.png"
"Orangina Rouge Bulby 0,5l","Orangina","4000140708633","1.39","0,50l (1 l = 2,78 €)","Getränke & Genussmittel","False","https://img.rewe-static.de/8177690/28378661_digital-image.png"
"Lütauer Orangensaft 0,7l","NA","4034025000062","3.09","0,70l (1 l = 4,41 €)","Getränke & Genussmittel","False","https://img.rewe-static.de/1195706/29197698_digital-image.png"
"Diehl Weißwein Riesling halbtrocken 0,75l","Weingut Diehl","4260072667334","7.99","0,75l (1 l = 10,65 €)","Getränke & Genussmittel","False","https://img.rewe-static.de/3055142/31159931_digital-image.png"
"Schweppes Ginger Ale 6x1,25l","Schweppes","4000140700187","8.94","6x1,25l (1 l = 1,19 €)","Getränke & Genussmittel","True","https://img.rewe-static.de/0106520/22381026_digital-image.png"
"REWE Beste Wahl Apfelschorle 0,5l","REWE Beste Wahl","4388844154643","0.69","0,50l (1 l = 1,38 €)","Getränke & Genussmittel","False","https://img.rewe-static.de/2181715/23277857_digital-image.png"
"Mio Mio Mate Zero 0,5l","Mio Mio","4002846034542","1.09","0,50l (1 l = 2,18 €)","Getränke & Genussmittel","False","https://img.rewe-static.de/7946206/32629388_digital-image.png"
"Bacardi Rum & Cola 0,25l","Bacardi","7610113017951","2.79","0,25l (1 l = 11,16 €)","Getränke & Genussmittel","False","https://img.rewe-static.de/8723781/36970425_digital-image.png"
"Mio Mio Cola + Orange Mische 0,5l","Mio Mio","4002846034962","1.09","0,50l (1 l = 2,18 €)","Getränke & Genussmittel","False","https://img.rewe-static.de/7684883/40552412_digital-image.png"
"Mio Mio Lemon + Koffein 0,5l","Mio Mio","4002846034894","1.09","0,50l (1 l = 2,18 €)","Getränke & Genussmittel","False","https://img.rewe-static.de/7820528/35178598_digital-image.png"
"Bacardi Razz Mojito 0,25l","Bacardi","7610113017937","2.79","0,25l (1 l = 11,16 €)","Getränke & Genussmittel","False","https://img.rewe-static.de/8726002/36876415_digital-image.png"
"Mio Mio Lapacho Lemongrass 0,5l","Mio Mio","4002846034702","1.09","0,50l (1 l = 2,18 €)","Getränke & Genussmittel","False","https://img.rewe-static.de/8280170/30378660_digital-image.png"
"Bacardi Pina Colada 0,25l","Bacardi","7610113022658","2.79","0,25l (1 l = 11,16 €)","Getränke & Genussmittel","False","https://img.rewe-static.de/9034380/39730527_digital-image.png"
"REWE Beste Wahl Bananennektar 1l","REWE Beste Wahl","4388860250664","1.39","1l","Getränke & Genussmittel","False","https://img.rewe-static.de/0135306/29991725_digital-image.png"
"Hella medium Mineralwasser 1,5l","Hella","4102380025690","0.79","1,50l (1 l = 0,53 €)","Getränke & Genussmittel","False","https://img.rewe-static.de/0053580/26263526_digital-image.png"
"Lütauer Bio Mehrfruchtsaft 0,7l","NA","4034025000451","2.49","0,70l (1 l = 3,56 €)","Getränke & Genussmittel","False","https://img.rewe-static.de/1365848/29197712_digital-image.png"
"Hella Birne Erfrischungsgetränk 6x0,75l","Hella","4102380032001","2.94","6x0,75l (1 l = 0,65 €)","Getränke & Genussmittel","True","https://img.rewe-static.de/2103740/25894279_digital-image.png"
"Veltins Pilsener Dose 0,5l","Veltins","4005249001142","0.79","0,50l (1 l = 1,58 €)","Getränke & Genussmittel","True","https://img.rewe-static.de/0017005/27822030_digital-image.png"
"Volvic Mineralwasser Naturelle 6x0,33l","Volvic","3057640236488","2.94","6x0,33l (1 l = 1,48 €)","Getränke & Genussmittel","False","https://img.rewe-static.de/2285713/23385157_digital-image.png"
"Jever Fun alkoholfrei 6x0,33l","Jever","4008948192012","4.79","6x0,33l (1 l = 2,42 €)","Getränke & Genussmittel","False","https://img.rewe-static.de/6937047/636840_digital-image.png"
"Capri-Sun Kirsche 0,2l","Capri-Sun","4000177996003","0.59","0,20l (1 l = 2,95 €)","Getränke & Genussmittel","False","https://img.rewe-static.de/8597715/31504969_digital-image.png"
"Gerolsteiner Beeren Geschmack 0,75l","Gerolsteiner","4001513006417","1.19","0,75l (1 l = 1,59 €)","Getränke & Genussmittel","False","https://img.rewe-static.de/8738508/35518901_digital-image.png"
"Ramazzotti Aperitivo Rosato 0,7l","Ramazzotti","4005971387323","13.99","0,70l (1 l = 19,99 €)","Getränke & Genussmittel","False","https://img.rewe-static.de/2134465/22679634_digital-image.png"
"Katlenburger Tropica Swimming Pool Cocktail 0,75l","Katlenburger","4001486067965","2.79","0,75l (1 l = 3,72 €)","Getränke & Genussmittel","False","https://img.rewe-static.de/7942805/32343753_digital-image.png"
"Los Cantaros Rosé Bio Rosado trocken 0,75l","La Mancha","4024967303741","3.99","0,75l (1 l = 5,32 €)","Getränke & Genussmittel","False","https://img.rewe-static.de/0312337/10073610_digital-image.png"
"Fürst Bismarck Mineralwasser medium 1,5l","Fürst Bismarck","4102380501095","0.6","1,50l (1 l = 0,40 €)","Getränke & Genussmittel","True","https://img.rewe-static.de/0187416/22002338_digital-image.png"
"REWE Feine Welt Eierlikör mit Bourbonvanille 0,5l","REWE Feine Welt","4337256063654","8.99","0,50l (1 l = 17,98 €)","Getränke & Genussmittel","False","https://img.rewe-static.de/7976940/31147920_digital-image.png"
"Blanchet Rosé de France trocken 0,75l","Blanchet","4001731814993","2.99","0,75l (1 l = 3,99 €)","Getränke & Genussmittel","True","https://img.rewe-static.de/0366682/10018330_digital-image.png"
"Gönrgy Sweet Lemon 0,5l","GÖNRGY","4260456730401","1.49","0,50l (1 l = 2,98 €)","Getränke & Genussmittel","False","https://img.rewe-static.de/9057341/42534388_digital-image.png"
"Vilsa Plus Lemon 6x1l","Vilsa","4104450065407","3.9","6x1l (1 l = 0,65 €)","Getränke & Genussmittel","False","https://img.rewe-static.de/7994285/32782295_digital-image.png"
"Coca-Cola Vanilla 1l","Coca-Cola","5449000101549","1.69","1l","Getränke & Genussmittel","False","https://img.rewe-static.de/7923490/20709673_digital-image.png"
"Springer Urvater 0,7l","Springer","4001254139122","6.99","0,70l (1 l = 9,99 €)","Getränke & Genussmittel","False","https://img.rewe-static.de/0315710/794780_digital-image.png"
"Doppio Passo Grillo Weißwein DOC 0,75l","NA","4002859121710","7.99","0,75l (1 l = 10,65 €)","Getränke & Genussmittel","False","https://img.rewe-static.de/8324950/29952434_digital-image.png"
"Carlsberg Lager Beer 0,0% alkoholfrei 6x0,33l","Carlsberg","4101010010655","6.49","6x0,33l (1 l = 3,28 €)","Getränke & Genussmittel","False","https://img.rewe-static.de/7830208/35366321_digital-image.png"
"Ramazzotti Amaro 0,7l","Ramazzotti","8006550301040","13.99","0,70l (1 l = 19,99 €)","Getränke & Genussmittel","False","https://img.rewe-static.de/6194699/6780170_digital-image.png"
"Brut Dargent Brut Rosé Pinot Noir 0,75l","Brut Dargent","3263287626036","7.99","0,75l (1 l = 10,65 €)","Getränke & Genussmittel","False","https://img.rewe-static.de/2631903/8212020_digital-image.png"
"Flensburger Pilsener 6x0,33l","Flensburger","4103080050463","4.99","6x0,33l (1 l = 2,52 €)","Getränke & Genussmittel","False","https://img.rewe-static.de/0580144/7435200_digital-image.png"
"Pfanner Eistee Wildkirsche 0,75l","Pfanner","9006900227531","1.19","0,75l (1 l = 1,59 €)","Getränke & Genussmittel","False","https://img.rewe-static.de/8926460/38551043_digital-image.png"
"Jever Fun Biermix Zitrone alkoholfrei 6x0,33l","Jever","4053400001692","4.79","6x0,33l (1 l = 2,42 €)","Getränke & Genussmittel","False","https://img.rewe-static.de/7194964/27777756_digital-image.png"
"Moloko 250ml","NA","4051454000012","1.39","0,25l (1 l = 5,56 €)","Getränke & Genussmittel","False","https://img.rewe-static.de/2635248/24898186_digital-image.png"
"Störtebeker Pilsener 0,5l","Störtebeker","4014807364001","1.39","0,50l (1 l = 2,78 €)","Getränke & Genussmittel","False","https://img.rewe-static.de/0084875/5196470_digital-image.png"
"Störtebeker Schwarz-Bier 0,5l","Störtebeker","4014807364025","1.39","0,50l (1 l = 2,78 €)","Getränke & Genussmittel","False","https://img.rewe-static.de/0084760/27562356_digital-image.png"
"Estrella Damm 4x0,33l","NA","4260242620114","3.99","4x0,33l (1 l = 3,02 €)","Getränke & Genussmittel","False","https://img.rewe-static.de/8248595/29092270_digital-image.png"
"Schöfferhofer Granatapfel + Guarana 6x0,33l","Schöfferhofer","4053400078830","4.79","6x0,33l (1 l = 2,42 €)","Getränke & Genussmittel","False","https://img.rewe-static.de/2096276/22681292_digital-image.png"
"La Cheteau Cremant de Loire Brut 0,75l","LaCheteau","3338580030924","6.99","0,75l (1 l = 9,32 €)","Getränke & Genussmittel","False","https://img.rewe-static.de/0156894/2500420_digital-image.png"
"Veltins Biermix V+ Berry-X 6x0,33l","Veltins","4005249062792","4.79","6x0,33l (1 l = 2,42 €)","Getränke & Genussmittel","False","https://img.rewe-static.de/7794826/36455821_digital-image.png"
"Wolfenweiler Batzenberg Weißwein Gutedel QbA trocken 1l","Wolfenweiler","4005708207306","3.79","1l","Getränke & Genussmittel","False","https://img.rewe-static.de/0898799/12334710_digital-image.png"
"Innocent Direktsaft Orange ohne Fruchtfleisch 1350ml","Innocent","5038862435178","4.49","1350ml (1 l = 3,33 €)","Getränke & Genussmittel","False","https://img.rewe-static.de/8641384/34183479_digital-image.png"
"REWE Bio Rote-Bete-Saft 0,5l","REWE Bio","4337256443609","1.29","0,50l (1 l = 2,58 €)","Getränke & Genussmittel","False","https://img.rewe-static.de/0999612/8575140_digital-image.png"
"REWE Beste Wahl Mineralwasser Classic 6x0,5l","REWE Beste Wahl","4388844154896","1.74","6x0,50l (1 l = 0,58 €)","Getränke & Genussmittel","False","https://img.rewe-static.de/2181429/23277474_digital-image.png"
"Schweppes Pomegranate 1,25l","Schweppes","4000140719028","1.49","1,25l (1 l = 1,19 €)","Getränke & Genussmittel","True","https://img.rewe-static.de/7621211/42144903_digital-image.png"
"REWE Bio Holunderblütensirup 0,5l","REWE Bio","4337256246002","2.99","0,50l (1 l = 5,98 €)","Getränke & Genussmittel","False","https://img.rewe-static.de/1947997/22746642_digital-image.png"
"Mumm & Co Sekt Rosé trocken 0,75l","Mumm & Co.","4011900518102","3.99","0,75l (1 l = 5,32 €)","Getränke & Genussmittel","True","https://img.rewe-static.de/0569967/35394505_digital-image.png"
"Rauch Happy Day Granatapfel 1l","Happy Day","9008700132572","2.69","1l","Getränke & Genussmittel","False","https://img.rewe-static.de/0336987/1520840_digital-image.png"
"Vitamalz 6x0,33l","Vitamalz","4001568100535","3.99","6x0,33l (1 l = 2,02 €)","Getränke & Genussmittel","False","https://img.rewe-static.de/4366212/1247100_digital-image.png"
"REWE Beste Wahl Ginger Ale 6x1l","REWE Beste Wahl","4388844147430","5.34","6x1l (1 l = 0,89 €)","Getränke & Genussmittel","False","https://img.rewe-static.de/2149329/23246289_digital-image.png"
"REWE to go Smoothie Ananas Banane Kokos 250ml","REWE to go","4337256304313","1.29","250ml (1 l = 5,16 €)","Getränke & Genussmittel","False","https://img.rewe-static.de/7875847/34570234_digital-image.png"
"Mumm & Co Sekt trocken 0,75l","Mumm & Co.","4011900511103","3.99","0,75l (1 l = 5,32 €)","Getränke & Genussmittel","True","https://img.rewe-static.de/0416754/31069961_digital-image.png"
"Granini Sensation Vanilla Passion Fruchtsaftgetränk 0,75l","Granini","4048517679230","2.29","0,75l (1 l = 3,05 €)","Getränke & Genussmittel","False","https://img.rewe-static.de/8388793/30776144_digital-image.png"
"Käfer Weißwein Pinot Grigio del Veneto IGP trocken 0,75l","Käfer","4003301002489","4.49","0,75l (1 l = 5,99 €)","Getränke & Genussmittel","False","https://img.rewe-static.de/7260920/1853660_digital-image.png"
"Ouzo 12 0,7l","Ouzo 12","5201003110702","10.99","0,70l (1 l = 15,70 €)","Getränke & Genussmittel","False","https://img.rewe-static.de/4419170/1194780_digital-image.png"
"Volvic Tee Pfirsich 1,5l","Volvic","3057640376498","1.89","1,50l (1 l = 1,26 €)","Getränke & Genussmittel","False","https://img.rewe-static.de/0583513/20185175_digital-image.png"
"Captain Morgan Original Spiced Gold 0,7l","Captain Morgan","5000299223017","12.99","0,70l (1 l = 18,56 €)","Getränke & Genussmittel","False","https://img.rewe-static.de/9801480/3448730_digital-image.png"
"Capri-Sun Orange-Peach 0,33l","Capri-Sun","4000177155417","1.29","0,33l (1 l = 3,91 €)","Getränke & Genussmittel","False","https://img.rewe-static.de/0217256/3067700_digital-image.png"
"Deit Pink Grapefruit 1l","Deit","4104450003256","1.29","1l","Getränke & Genussmittel","False","https://img.rewe-static.de/1371774/26274639_digital-image.png"
"Capri-Sun Mango-Maracuja 0,33l","Capri-Sun","4000177172650","1.29","0,33l (1 l = 3,91 €)","Getränke & Genussmittel","False","https://img.rewe-static.de/2130522/22608604_digital-image.png"
"Capri-Sun Multivitamin 0,33l","Capri-Sun","4000177033708","1.29","0,33l (1 l = 3,91 €)","Getränke & Genussmittel","False","https://img.rewe-static.de/9973219/45298325_digital-image.png"
"Vio Bio Limo Orange 4x1l","Vio","5449000146526","7.16","4x1l (1 l = 1,79 €)","Getränke & Genussmittel","False","https://img.rewe-static.de/2455462/24303536_digital-image.png"
"REWE Beste Wahl Mineralwasser Classic 0,5l","REWE Beste Wahl","4388844154605","0.29","0,50l (1 l = 0,58 €)","Getränke & Genussmittel","False","https://img.rewe-static.de/2181417/25377290_digital-image.png"
"Vöslauer Zitrone 6x1l","Vöslauer","9009700212721","5.34","6x1l (1 l = 0,89 €)","Getränke & Genussmittel","False","https://img.rewe-static.de/8901195/38200936_digital-image.png"
"Schwip Schwap Zero Cola & Orange 6x0,5l","Schwip Schwap","4062139002320","7.14","6x0,50l (1 l = 2,38 €)","Getränke & Genussmittel","False","https://img.rewe-static.de/8538843/32805554_digital-image.png"
"Krombacher Natur Radler 0,5l","Krombacher","4008287948400","0.95","0,50l (1 l = 1,90 €)","Getränke & Genussmittel","False","https://img.rewe-static.de/7687874/38953468_digital-image.png"
"Tullamore Dew Irish Whiskey 0,7l","Tullamore Dew","5011026108033","18.99","0,70l (1 l = 27,13 €)","Getränke & Genussmittel","False","https://img.rewe-static.de/4635310/919970_digital-image.png"
"Capri-Sun Kirsche-Granatapfel 0,33l","Capri-Sun","4000177172629","1.29","0,33l (1 l = 3,91 €)","Getränke & Genussmittel","False","https://img.rewe-static.de/2130519/22515248_digital-image.png"
"Mezzo Mix 6x0,33l","Mezzo Mix","5449000103604","4.29","6x0,33l (1 l = 2,17 €)","Getränke & Genussmittel","False","https://img.rewe-static.de/7282324/31531264_digital-image.png"
"Mionetto Prosecco Rosé DOC 0,75l","Mionetto","8006220003274","9.49","0,75l (1 l = 12,65 €)","Getränke & Genussmittel","False","https://img.rewe-static.de/8579800/32308369_digital-image.png"
"Schwip Schwap Cola & Orange 6x0,5l","Schwip Schwap","4062139002306","7.14","6x0,50l (1 l = 2,38 €)","Getränke & Genussmittel","False","https://img.rewe-static.de/7932732/32808105_digital-image.png"
"Durstlöcher Bubble Gum 0,5l","Durstlöscher","4100060032242","0.85","0,50l (1 l = 1,70 €)","Getränke & Genussmittel","False","https://img.rewe-static.de/7695172/40671666_digital-image.png"
"Chivas Regal 12 Jahre Whisky 0,7l","Chivas Regal","5000299212837","29.99","0,70l (1 l = 42,84 €)","Getränke & Genussmittel","False","https://img.rewe-static.de/0416690/1249090_digital-image.png"
"Schweppes Fruity Lemon&Mint 1l","Schweppes","4000140709531","2.19","1l","Getränke & Genussmittel","False","https://img.rewe-static.de/7071344/27562067_digital-image.png"
"Volvic Awake Vitamin+ Zitrone 6x0,75l","Volvic","3057640598418","10.14","6x0,75l (1 l = 2,25 €)","Getränke & Genussmittel","False","https://img.rewe-static.de/9083282/43599282_digital-image.png"
"Kaiserstuhl Weißwein Rivaner trocken 0,75l","Kaiserstuhl","4015736335001","2.99","0,75l (1 l = 3,99 €)","Getränke & Genussmittel","False","https://img.rewe-static.de/0935632/26095303_digital-image.png"
"Mumm & Co. Jahrgang Sekt trocken alkoholfrei 0,75l","Mumm & Co.","4011900670015","3.99","0,75l (1 l = 5,32 €)","Getränke & Genussmittel","True","https://img.rewe-static.de/3206294/26421500_digital-image.png"
"Granini Die Limo Orange & Lemongras 6x1l","Granini","4048517742712","10.14","6x1l (1 l = 1,69 €)","Getränke & Genussmittel","False","https://img.rewe-static.de/8931981/40261563_digital-image.png"
"Erdinger Weißbier alkoholfrei 20x0,5l","Erdinger","4002103010104","19.99","20x0,50l (1 l = 2 €)","Getränke & Genussmittel","False","https://img.rewe-static.de/6380425/2838800_digital-image.png"
"Powerade Mountain Blast 0,5l","Powerade","90357350","1.39","0,50l (1 l = 2,78 €)","Getränke & Genussmittel","False","https://img.rewe-static.de/6652816/4778180_digital-image.png"
"Fanta Orange 12x1l","Fanta","5449000017994","15.99","12x1l (1 l = 1,33 €)","Getränke & Genussmittel","False","https://img.rewe-static.de/8002711/2576070_digital-image.png"
"Mumm & Co. Jahrgangssekt Extra Dry 0,75l","Mumm & Co.","4011900510106","3.99","0,75l (1 l = 5,32 €)","Getränke & Genussmittel","True","https://img.rewe-static.de/3695760/35394519_digital-image.png"
"REWE Beste Wahl Holunderblüten-Getränkesirup 0,5l","REWE Beste Wahl","4337256086479","1.79","0,50l (1 l = 3,58 €)","Getränke & Genussmittel","False","https://img.rewe-static.de/1229039/21970247_digital-image.png"
"Tavernello Rosso Rotwein trocken 1l","Tavernello","8008530008987","2.79","1l","Getränke & Genussmittel","False","https://img.rewe-static.de/0171756/35089402_digital-image.png"
"Mönchshof Kellerbier 20x0,5l","Mönchshof","4082100009080","16.99","20x0,50l (1 l = 1,70 €)","Getränke & Genussmittel","False","https://img.rewe-static.de/3533018/5851890_digital-image.png"
"Finsbury Pink Premium Gin Wild Strawberry 0,7l","Finsbury","4062400309202","11.99","0,70l (1 l = 17,13 €)","Getränke & Genussmittel","False","https://img.rewe-static.de/8417361/31312248_digital-image.png"
"Kronenhof Advocaat 0,7l","Kronenhof","4337256122177","5.49","0,70l (1 l = 7,84 €)","Getränke & Genussmittel","False","https://img.rewe-static.de/7967771/32343584_digital-image.png"
"Mc Intyre Scotch Whisky 0,7l","Mc Intyre","4337256115827","7.99","0,70l (1 l = 11,41 €)","Getränke & Genussmittel","False","https://img.rewe-static.de/4658078/5806250_digital-image.png"
"Veltins Helles Pülleken 24x0,33l","Pülleken","4005249061955","16.79","24x0,33l (1 l = 2,12 €)","Getränke & Genussmittel","False","https://img.rewe-static.de/8423348/30997960_digital-image.png"
"Fanta Orange Zero 4x1,5l","Fanta","5449000149657","4.76","4x1,50l (1 l = 0,79 €)","Getränke & Genussmittel","True","https://img.rewe-static.de/0359476/23054729_digital-image.png"
"Mezzo Mix 0,33l","Mezzo Mix","54493896","0.72","0,33l (1 l = 2,18 €)","Getränke & Genussmittel","False","https://img.rewe-static.de/7278505/31322492_digital-image.png"
"REWE Beste Wahl Mineralwasser still 6x0,5l","REWE Beste Wahl","4388844154476","1.74","6x0,50l (1 l = 0,58 €)","Getränke & Genussmittel","False","https://img.rewe-static.de/2181515/23278979_digital-image.png"
"becker's Bester Multivitaminsaft mild 1l","beckers bester","4001716016527","2.99","1l","Getränke & Genussmittel","False","https://img.rewe-static.de/6701264/30335387_digital-image.png"
"Carlsberg Pilsener 0,33l","Carlsberg","42278047","1.09","0,33l (1 l = 3,30 €)","Getränke & Genussmittel","False","https://img.rewe-static.de/2730166/25173512_digital-image.png"
"Beck's Pils 6x0,33l","Beck's","4100130900167","4.69","6x0,33l (1 l = 2,37 €)","Getränke & Genussmittel","False","https://img.rewe-static.de/6641938/2116030_digital-image.png"
"Desperados Lime 4x0,33l","Desperados","8712000055790","6.49","4x0,33l (1 l = 4,92 €)","Getränke & Genussmittel","False","https://img.rewe-static.de/8394492/31009978_digital-image.png"
"Innocent Orangensaft mit Fruchtfleisch 330ml","Innocent","5038862434065","2.29","330ml (1 l = 6,94 €)","Getränke & Genussmittel","False","https://img.rewe-static.de/7868653/33597186_digital-image.png"
"True Fruits Smoothie triple pink 750ml","True Fruits","4260122390397","3.49","750ml (1 l = 4,65 €)","Getränke & Genussmittel","True","https://img.rewe-static.de/2317892/24528199_digital-image.png"
"Volvic Touch Apfel 1,5l","Volvic","3057640365928","1.89","1,50l (1 l = 1,26 €)","Getränke & Genussmittel","False","https://img.rewe-static.de/0262979/2613970_digital-image.png"
"Lipton Iced Tea Pfirsich Zero 0,33l","Lipton","4062139007431","0.99","0,33l (1 l = 3 €)","Getränke & Genussmittel","False","https://img.rewe-static.de/9038306/44353337_digital-image.png"
"REWE Beste Wahl Gurke Limette Minze 6x0,5l","REWE Beste Wahl","4388844267879","3.54","6x0,50l (1 l = 1,18 €)","Getränke & Genussmittel","False","https://img.rewe-static.de/3235291/26762708_digital-image.png"
"Innocent Direktsaft Multi Mix gelb 900ml","Innocent","5038862432863","3.49","900ml (1 l = 3,88 €)","Getränke & Genussmittel","False","https://img.rewe-static.de/8641629/34330599_digital-image.png"
"Vilsa Mineralwasser Classic 12x0,7l","Vilsa","4104450121004","6.29","12x0,70l (1 l = 0,75 €)","Getränke & Genussmittel","False","https://img.rewe-static.de/1906638/21331169_digital-image.png"
"Guinness Irish Draught 4x0,44l","Guinness","5000213009420","5.99","4x0,44l (1 l = 3,40 €)","Getränke & Genussmittel","False","https://img.rewe-static.de/2380212/23629072_digital-image.png"
"Vöslauer Lemongrass 6x1l","Vöslauer","9009700212752","5.34","6x1l (1 l = 0,89 €)","Getränke & Genussmittel","False","https://img.rewe-static.de/8897889/39361767_digital-image.png"
"REWE Beste Wahl Eistee Zitrone Limette 0,5l","REWE Beste Wahl","4337256176347","0.55","0,50l (1 l = 1,10 €)","Getränke & Genussmittel","False","https://img.rewe-static.de/7948092/33097715_digital-image.png"
"Hella Limo Erdbeer 6x0,75l","Hella","4102380031417","4.74","6x0,75l (1 l = 1,05 €)","Getränke & Genussmittel","False","https://img.rewe-static.de/2000124/28979281_digital-image.png"
"9 Mile Vodka 0,7l","9 Mile","4025127090976","13.99","0,70l (1 l = 19,99 €)","Getränke & Genussmittel","False","https://img.rewe-static.de/3574331/31387065_digital-image.png"
"Dithmarscher Dunkel Longneck 6x0,33l","Dithmarscher","4002227002320","4.79","6x0,33l (1 l = 2,42 €)","Getränke & Genussmittel","False","https://img.rewe-static.de/0559089/21966889_digital-image.png"
"Veltins Biermix V+ Curuba Tequila-Flavour 0,5l","Veltins","4005249001296","0.79","0,50l (1 l = 1,58 €)","Getränke & Genussmittel","True","https://img.rewe-static.de/0440613/8781060_digital-image.png"
"Volvic Mineralwasser Naturelle 6x0,5l","Volvic","3057640185403","4.14","6x0,50l (1 l = 1,38 €)","Getränke & Genussmittel","False","https://img.rewe-static.de/6739440/10150660_digital-image.png"
"Käfer Merlot del Veneto Rotwein trocken 0,75l","Käfer","4003301032363","4.49","0,75l (1 l = 5,99 €)","Getränke & Genussmittel","False","https://img.rewe-static.de/0251732/26280573_digital-image.png"
"Marathon Sports Blue 0,5l","Marathon","4337256652469","0.79","0,50l (1 l = 1,58 €)","Getränke & Genussmittel","False","https://img.rewe-static.de/7673591/41203889_digital-image.png"
"Deit Grapefruit 1l","Deit","4104450003195","1.29","1l","Getränke & Genussmittel","False","https://img.rewe-static.de/1356470/21172259_digital-image.png"
"Lauffener Katzenbeisser Rotwein Trollinger mit Lemberger QbA halbtrocken 1l","Lauffener","4005670032081","5.29","1l","Getränke & Genussmittel","False","https://img.rewe-static.de/0108310/14691980_digital-image.png"
"REWE Beste Wahl Gelber Multifruchtsaft 1l","REWE Beste Wahl","4337256295109","2.69","1l","Getränke & Genussmittel","False","https://img.rewe-static.de/8678550/34487681_digital-image.png"
"Oui! Rotwein Merlot Cabernet Sauvignon trocken 1l","NA","4337256674928","3.49","1l","Getränke & Genussmittel","False","https://img.rewe-static.de/8967123/41393257_digital-image.png"
"Gold 12 Anis Liqueur 0,7l","Gold 12","5201003210709","10.99","0,70l (1 l = 15,70 €)","Getränke & Genussmittel","False","https://img.rewe-static.de/0584795/21442703_digital-image.png"
"Schwip Schwap Colamix Zero 0,5l","Schwip Schwap","4062139002313","1.19","0,50l (1 l = 2,38 €)","Getränke & Genussmittel","False","https://img.rewe-static.de/8536842/32763177_digital-image.png"
"Mezzo Mix Zero Love is Blind 0,33l","Mezzo Mix","5000112672077","0.99","0,33l (1 l = 3 €)","Getränke & Genussmittel","False","https://img.rewe-static.de/9097214/43491733_digital-image.png"
"Granini Die leichte Limo Zitrone-Minze 1l","Granini","4048517634932","1.69","1l","Getränke & Genussmittel","False","https://img.rewe-static.de/7203303/27636256_digital-image.png"
"Bionade Bio Ingwer-Orange 0,33l","Bionade","4014472002529","1.09","0,33l (1 l = 3,30 €)","Getränke & Genussmittel","False","https://img.rewe-static.de/2812380/2600500_digital-image.png"
"Krombacher Radler 24x0,33l","Krombacher","4008287072211","16.99","24x0,33l (1 l = 2,15 €)","Getränke & Genussmittel","False","https://img.rewe-static.de/3144054/13718210_digital-image.png"
"Württemberg Samtrot Süss & Fruchtig Rotwein QbA lieblich 0,75l","Württemberger","4006840332550","4.99","0,75l (1 l = 6,65 €)","Getränke & Genussmittel","False","https://img.rewe-static.de/0617378/6729040_digital-image.png"
"Lütauer Bio Apfelsaft 0,7l","NA","4034025000048","1.79","0,70l (1 l = 2,56 €)","Getränke & Genussmittel","False","https://img.rewe-static.de/1365845/36336092_digital-image.png"
"Hella Limo Rhabarber 6x0,75l","Hella","4102380041294","4.74","6x0,75l","Getränke & Genussmittel","False","https://img.rewe-static.de/7837193/43448344_digital-image.png"
"Frische Brise Orangenlimonade kalorienarm 0,7l","Frische Brise","4102380502146","0.49","0,70l (1 l = 0,70 €)","Getränke & Genussmittel","False","https://img.rewe-static.de/0919950/27485870_digital-image.png"
"Magnus Sport Grapefruit-Zitrone 0,7l","Magnus","4001228512272","1.09","0,70l (1 l = 1,56 €)","Getränke & Genussmittel","False","https://img.rewe-static.de/9178910/44578122_digital-image.png"
"Deutsches Weintor Weißwein Riesling Pfalz QbA trocken 0,75l","Deutsches Weintor","4018300400518","3.99","0,75l (1 l = 5,32 €)","Getränke & Genussmittel","True","https://img.rewe-static.de/4579615/22634702_digital-image.png"
"REWE to go Smoothie Flamingo 250ml","REWE to go","4337256413299","1.29","250ml (1 l = 5,16 €)","Getränke & Genussmittel","False","https://img.rewe-static.de/8627449/34569869_digital-image.png"
"Flensburger Edles Helles 6x0,33l","Flensburger","4103080062039","4.99","6x0,33l (1 l = 2,52 €)","Getränke & Genussmittel","False","https://img.rewe-static.de/1963126/24470143_digital-image.png"
"REWE Beste Wahl Fairtrade Multivitamin Nektar 1l","REWE Beste Wahl","4337256750783","2.29","1l","Getränke & Genussmittel","False","https://img.rewe-static.de/7853986/35414942_digital-image.png"
"Vilsa Mineralwasser Lemon 1l","Vilsa","4104450005403","0.65","1l","Getränke & Genussmittel","False","https://img.rewe-static.de/8445374/32556652_digital-image.png"
"Veltins Biermix V+ Energy mit Guarana 0,5l","Veltins","4005249001272","0.79","0,50l (1 l = 1,58 €)","Getränke & Genussmittel","True","https://img.rewe-static.de/0019229/9693330_digital-image.png"
"Warsteiner 24x0,33l","Warsteiner","4000856205426","16.79","24x0,33l (1 l = 2,12 €)","Getränke & Genussmittel","False","https://img.rewe-static.de/0394840/1503850_digital-image.png"
"Fanta Zero Sugar Orange 0,33l","Fanta","5000112668766","0.99","0,33l (1 l = 3 €)","Getränke & Genussmittel","False","https://img.rewe-static.de/9028995/41765234_digital-image.png"
"Pepsi Zero Zucker Lemon 6x1,25l","Pepsi","4062139025404","4.74","6x1,25l (1 l = 0,63 €)","Getränke & Genussmittel","True","https://img.rewe-static.de/9071906/45526460_digital-image.png"
"REWE Beste Wahl Apfelschorle 6x1l","REWE Beste Wahl","4388844154032","5.94","6x1l (1 l = 0,99 €)","Getränke & Genussmittel","False","https://img.rewe-static.de/2181725/23246056_digital-image.png"
"Pfanner Birnendirektsaft 1l","Pfanner","9006900221263","1.99","1l","Getränke & Genussmittel","False","https://img.rewe-static.de/7218668/27591913_digital-image.png"
"Deit Orange 6x0,75l","Deit","4019313006094","7.14","6x0,75l (1 l = 1,59 €)","Getränke & Genussmittel","False","https://img.rewe-static.de/0574151/23596908_digital-image.png"
"Capri-Sun Multivitamin 10x0,2l","Capri-Sun","4000177032718","3.49","10x0,20l (1 l = 1,75 €)","Getränke & Genussmittel","True","https://img.rewe-static.de/7583738/43161045_digital-image.png"
"REWE Beste Wahl Zitronensaft 0,75l","REWE Beste Wahl","4388844019423","1.99","0,75l (1 l = 2,65 €)","Getränke & Genussmittel","False","https://img.rewe-static.de/0877331/22780007_digital-image.png"
"Biorebe Bio Rotwein Merlot trocken 0,75l","Biorebe","4003301080876","4.99","0,75l (1 l = 6,65 €)","Getränke & Genussmittel","False","https://img.rewe-static.de/7277143/27806705_digital-image.png"
"Rockstar Energy Drink Sour Apple 0,5l","Rockstar","4060800178602","1.79","0,50l (1 l = 3,58 €)","Getränke & Genussmittel","False","https://img.rewe-static.de/1946513/41888097_digital-image.png"
"SilberQuelle 10 Vitamine 1,5l","SilberQuelle","9010800907035","1.49","1,50l (1 l = 0,99 €)","Getränke & Genussmittel","False","https://img.rewe-static.de/0484119/3125340_digital-image.png"
"Fanta Orange Zero 1,5l","Fanta","5000112562439","1.19","1,50l (1 l = 0,79 €)","Getränke & Genussmittel","True","https://img.rewe-static.de/0330146/3376680_digital-image.png"
"Fürst Bismarck Mineralwasser still 6x1,5l","Fürst Bismarck","4102380501118","3.6","6x1,50l (1 l = 0,40 €)","Getränke & Genussmittel","True","https://img.rewe-static.de/0187421/23221963_digital-image.png"
"Volvic essence Bio Minze- Gurke 0,75l","Volvic","3057640503528","1.39","0,75l (1 l = 1,85 €)","Getränke & Genussmittel","False","https://img.rewe-static.de/7215893/28298405_digital-image.png"
"Deit Zitrone 1l","Deit","4104450003164","1.29","1l","Getränke & Genussmittel","False","https://img.rewe-static.de/1356437/21172265_digital-image.png"
"Volvic Active Vitamin+ Pfirsich 0,75l","Volvic","3057640598678","1.69","0,75l (1 l = 2,25 €)","Getränke & Genussmittel","False","https://img.rewe-static.de/9086793/43229396_digital-image.png"
"REWE Beste Wahl Ananas Drachenfrucht Limo 0,5l","REWE Beste Wahl","4337256654814","0.69","0,50l (1 l = 1,38 €)","Getränke & Genussmittel","False","https://img.rewe-static.de/8946588/40161690_digital-image.png"
"Biorebe Bio Rotwein Cabernet-Sauvignon trocken 0,75l","Biorebe","4003301081613","4.99","0,75l (1 l = 6,65 €)","Getränke & Genussmittel","False","https://img.rewe-static.de/8092467/28999423_digital-image.png"
"Deit Tropische Früchte zuckerfrei 6x0,75l","Deit","4019313006421","7.14","6x0,75l (1 l = 1,59 €)","Getränke & Genussmittel","False","https://img.rewe-static.de/2880301/32525616_digital-image.png"
"Käfer Merlot Italien trocken Rotwein trocken 0,25l","Käfer","4003301081859","1.89","0,25l (1 l = 7,56 €)","Getränke & Genussmittel","False","https://img.rewe-static.de/1063287/10836560_digital-image.png"
"Kleiner Feigling Green Lemon Special Edition 0,5l","Kleiner Feigling","4004752254670","7.99","0,50l (1 l = 15,98 €)","Getränke & Genussmittel","False","https://img.rewe-static.de/8592562/33037092_digital-image.png"
"Miluna Rotwein Primitivo Salento trocken 0,75l","NA","8023354062816","6.99","0,75l (1 l = 9,32 €)","Getränke & Genussmittel","False","https://img.rewe-static.de/3205683/41306792_digital-image.png"
"Volvic Bio Mineralwasser Orange-Holunderblüte 0,75l","Volvic","3057640539688","1.39","0,75l (1 l = 1,85 €)","Getränke & Genussmittel","False","https://img.rewe-static.de/8023544/31247436_digital-image.png"
"Vöslauer Schwarze Johannisbeere sprudel 1l","Vöslauer","90098109","0.89","1l","Getränke & Genussmittel","False","https://img.rewe-static.de/8897359/39134501_digital-image.png"
"Volvic Juicy Multifrucht 1l","Volvic","3057640592478","1.79","1l","Getränke & Genussmittel","False","https://img.rewe-static.de/9062684/42504681_digital-image.png"
"Valensina Milder Multivitamin 1l","Valensina","4009491022023","2.49","1l","Getränke & Genussmittel","False","https://img.rewe-static.de/7826260/34137630_digital-image.png"
"Kleiner Feigling Mix-Bringsel 12x0,02l","Kleiner Feigling","4004752251310","6.99","12x0,02l (1 l = 29,13 €)","Getränke & Genussmittel","False","https://img.rewe-static.de/8306256/30901084_digital-image.png"
"Pepsi Cola 6x1,25l","Pepsi","4062139025268","4.74","6x1,25l (1 l = 0,63 €)","Getränke & Genussmittel","True","https://img.rewe-static.de/7591994/43268192_digital-image.png"
"Volvic Tee Pfirsich 6x1,5l","Volvic","3057640376573","11.34","6x1,50l (1 l = 1,26 €)","Getränke & Genussmittel","False","https://img.rewe-static.de/0583515/27778882_digital-image.png"
"Volvic Tee Pfirsich 6x0,75l","Volvic","3057640461118","5.94","6x0,75l (1 l = 1,32 €)","Getränke & Genussmittel","False","https://img.rewe-static.de/0927928/21550276_digital-image.png"
"Volvic Tee Zitrone 1,5l","Volvic","4005720000862","1.89","1,50l (1 l = 1,26 €)","Getränke & Genussmittel","False","https://img.rewe-static.de/1430154/21274381_digital-image.png"
"Beck's Gold 6x0,33l","Beck's","4100130900563","4.69","6x0,33l (1 l = 2,37 €)","Getränke & Genussmittel","False","https://img.rewe-static.de/4288645/24694383_digital-image.png"
"Paulaner Spezi 6x0,33l","Paulaner","4066600303305","4.69","6x0,33l (1 l = 2,37 €)","Getränke & Genussmittel","False","https://img.rewe-static.de/8019234/30792650_digital-image.png"
"Tiffany Quick Orange 100g","Tiffany Quick","4002221002616","0.69","100g (1 kg = 6,90 €)","Getränke & Genussmittel","False","https://img.rewe-static.de/2485680/1650940_digital-image.png"
"Fritz-spritz Bio-Traubensaftschorle 0,33l","Fritz","4260107222408","1.49","0,33l (1 l = 4,52 €)","Getränke & Genussmittel","False","https://img.rewe-static.de/2332737/25531052_digital-image.png"
"Vio Bio Limo Zitrone-Limette 1l","Vio","5449000123008","1.79","1l","Getränke & Genussmittel","False","https://img.rewe-static.de/2455427/31058480_digital-image.png"
"Sprite 12x1l","Sprite","5449000018014","15.99","12x1l (1 l = 1,33 €)","Getränke & Genussmittel","False","https://img.rewe-static.de/8002754/2392820_digital-image.png"
"Red Bull Energy Drink 0,355l","Red Bull","9002490206840","1.89","355ml (1 l = 5,32 €)","Getränke & Genussmittel","False","https://img.rewe-static.de/0254801/7448660_digital-image.png"
"REWE to go Ingwer Shot mit Apfel & Passionsfrucht 60ml","REWE to go","42258797","1.49","60ml (1 l = 24,83 €)","Getränke & Genussmittel","False","https://img.rewe-static.de/7991698/31459337_digital-image.png"
"Mionetto Prosecco D.O.C. Treviso Brut Spumante 0,75l","Mionetto","8006220001669","9.49","0,75l (1 l = 12,65 €)","Getränke & Genussmittel","False","https://img.rewe-static.de/2104631/22280027_digital-image.png"
"Coca-Cola light taste 4x1,5l","Coca-Cola","5000112547795","4.76","4x1,50l (1 l = 0,79 €)","Getränke & Genussmittel","True","https://img.rewe-static.de/6731155/2524110_digital-image.png"
"Jim Beam White & Cola 0,33l","Jim Beam","5060045580986","2.69","0,33l (1 l = 8,15 €)","Getränke & Genussmittel","False","https://img.rewe-static.de/0088260/3057680_digital-image.png"
"Valensina Multivitamin-Saft Vitamin-Frühstück 1l","Valensina","4009491022047","2.49","1l","Getränke & Genussmittel","False","https://img.rewe-static.de/7860742/34416303_digital-image.png"
"Pfanner 100% Apfelsaft 1l","Pfanner","9006900017507","1.99","1l","Getränke & Genussmittel","False","https://img.rewe-static.de/0359456/27485756_digital-image.png"
"Fürst Bismarck Mineralwasser Medium 6x1,5l","Fürst Bismarck","4102380501088","3.6","6x1,50l (1 l = 0,40 €)","Getränke & Genussmittel","True","https://img.rewe-static.de/0187419/11084140_digital-image.png"
"True Fruits Smoothie greatest hits vol. 1 250ml","True Fruits","4260122391486","2.79","250ml (1 l = 11,16 €)","Getränke & Genussmittel","False","https://img.rewe-static.de/8077570/29261672_digital-image.png"
"Rotkäppchen Rotwein Spätburgunder QbA trocken 0,75l","Rotkäppchen-Mumm","4014741380310","4.49","0,75l (1 l = 5,99 €)","Getränke & Genussmittel","False","https://img.rewe-static.de/0106638/1584120_digital-image.png"
"Bullit Energydrink 1,5l","Bullit","4388860395228","1.49","1,50l (1 l = 0,99 €)","Getränke & Genussmittel","False","https://img.rewe-static.de/0200612/9415930_digital-image.png"
"Quixx Energy Drink Original 6x1l","Quixx Energy","4002846105006","7.14","6x1l (1 l = 1,19 €)","Getränke & Genussmittel","False","https://img.rewe-static.de/8568482/34148878_digital-image.png"
"Red Bull Energy Drink Pfirsich 0,25l","Red Bull","4260301526555","2.99","0,25l (1 l = 11,96 €)","Getränke & Genussmittel","False","https://img.rewe-static.de/8768225/39201042_digital-image.png"
"Volvic Touch Zitrone-Limette 6x1,5l","Volvic","3057640428388","11.34","6x1,50l (1 l = 1,26 €)","Getränke & Genussmittel","False","https://img.rewe-static.de/1966639/27779569_digital-image.png"
"Jever Pilsener 24x0,33l","Jever","4008948104510","11.79","24x0,33l (1 l = 1,49 €)","Getränke & Genussmittel","True","https://img.rewe-static.de/4941365/627100_digital-image.png"
"Innocent Plus Saft Blue Break 750ml","Innocent","5038862435345","3.49","750ml (1 l = 4,65 €)","Getränke & Genussmittel","False","https://img.rewe-static.de/8640873/33592380_digital-image.png"
"Hohes C Plus Antioxidantien 1l","Hohes C","4048517746246","2.49","1l","Getränke & Genussmittel","False","https://img.rewe-static.de/7628860/39675002_digital-image.png"
"Söhnlein Brillant Sekt trocken 0,75l","Söhnlein Brillant","4003310013476","4.29","0,75l (1 l = 5,72 €)","Getränke & Genussmittel","False","https://img.rewe-static.de/0195049/2005920_digital-image.png"
"Paulaner Natur Radler 6x0,33l","Paulaner","4066600445197","5.49","6x0,33l (1 l = 2,77 €)","Getränke & Genussmittel","False","https://img.rewe-static.de/7237555/28025567_digital-image.png"
"Hella Pfirsich 6x1,5l","Hella","4102380027854","7.74","6x1,50l (1 l = 0,86 €)","Getränke & Genussmittel","False","https://img.rewe-static.de/1077065/23886531_digital-image.png"
"Coca-Cola Zero Sugar 1l","Coca-Cola","5449000134264","1.69","1l","Getränke & Genussmittel","False","https://img.rewe-static.de/0045617/7444230_digital-image.png"
"Light Live Sparkling Hugo alkoholfrei 0,75l","Light Live","4001744064804","3.79","0,75l (1 l = 5,05 €)","Getränke & Genussmittel","False","https://img.rewe-static.de/1489776/21043720_digital-image.png"
"Innocent Direktsaft Orange ohne Fruchtfleisch 900ml","Innocent","5038862439886","3.49","900ml (1 l = 3,88 €)","Getränke & Genussmittel","False","https://img.rewe-static.de/8637888/34330756_digital-image.png"
"Volvic Touch Kirsche 1,5l","Volvic","4005720000756","1.89","1,50l (1 l = 1,26 €)","Getränke & Genussmittel","False","https://img.rewe-static.de/0455797/29524094_digital-image.png"
"Larsini Hugo Rosé Frizzante 0,75l","Larsini","4337256543934","1.79","0,75l (1 l = 2,39 €)","Getränke & Genussmittel","False","https://img.rewe-static.de/2107700/22191201_digital-image.png"
"Erdinger Weissbier 6x0,33l","Erdinger","4002103258681","5.49","6x0,33l (1 l = 2,77 €)","Getränke & Genussmittel","False","https://img.rewe-static.de/5724058/26092757_digital-image.png"
"Volvic Touch Zitrone-Limette 1,5l","Volvic","3057640428203","1.89","1,50l (1 l = 1,26 €)","Getränke & Genussmittel","False","https://img.rewe-static.de/1966637/29524330_digital-image.png"
"Käfer Hugo Holunderblüte + Limette 0,75l","Käfer","4062073029155","3.79","0,75l (1 l = 5,05 €)","Getränke & Genussmittel","False","https://img.rewe-static.de/1254811/42195472_digital-image.png"
"Tymbark Saft Apfel Kirsche 1l","Tymbark","5900334000781","1.59","1l","Getränke & Genussmittel","False","https://img.rewe-static.de/1320512/24356543_digital-image.png"
"SilberQuelle Immun Plus Vitamine 1,5l","SilberQuelle","9010800000767","1.49","1,50l (1 l = 0,99 €)","Getränke & Genussmittel","False","https://img.rewe-static.de/8687111/34797935_digital-image.png"
"Sprite 0,5l","Sprite","5000112548129","1.29","0,50l (1 l = 2,58 €)","Getränke & Genussmittel","False","https://img.rewe-static.de/1363805/25137878_digital-image.png"
"Dithmarscher Urtyp 30x0,33l","Dithmarscher","4002227016020","14.99","30x0,33l (1 l = 1,51 €)","Getränke & Genussmittel","False","https://img.rewe-static.de/5762596/851110_digital-image.png"
"Tymbark Apfel Minze 1l","Tymbark","5900334000323","1.59","1l","Getränke & Genussmittel","False","https://img.rewe-static.de/1320511/23126728_digital-image.png"
"Fanta Holunder 0,5l","Fanta","4260301521284","1.59","0,50l (1 l = 3,18 €)","Getränke & Genussmittel","False","https://img.rewe-static.de/2313361/26012372_digital-image.png"
"Jagdfürst Kräuterlikör 0,7l","Jagdfürst","4337256407724","5.99","0,70l (1 l = 8,56 €)","Getränke & Genussmittel","False","https://img.rewe-static.de/0119163/3246020_digital-image.png"
"Effect Energy Drink 0,25l","Effect","4025127020027","0.89","250ml (1 l = 3,56 €)","Getränke & Genussmittel","False","https://img.rewe-static.de/0886950/8431970_digital-image.png"
"Valensina Multivitamin Saft 6x1l","Valensina","4009491222041","14.94","6x1l (1 l = 2,49 €)","Getränke & Genussmittel","False","https://img.rewe-static.de/8655143/35086638_digital-image.png"
"Effect Energy Drink Zero 0,33l","Effect","4025127020683","0.79","0,33l (1 l = 2,39 €)","Getränke & Genussmittel","True","https://img.rewe-static.de/2039317/22373841_digital-image.png"
"Krombacher Spezi 6x0,33l","Krombacher","4008287949049","4.29","6x0,33l (1 l = 2,17 €)","Getränke & Genussmittel","False","https://img.rewe-static.de/7689681/39675398_digital-image.png"
"Schweppes White Peach 1l","Schweppes","4000140714818","2.19","1l","Getränke & Genussmittel","False","https://img.rewe-static.de/8748117/35984655_digital-image.png"
"REWE Bio Tomatensaft 1l","REWE Bio","4337256789066","1.69","1l","Getränke & Genussmittel","False","https://img.rewe-static.de/9057786/42309148_digital-image.png"
"Flensburger Edles Helles 20x0,33l","Flensburger","4103080062015","16.49","20x0,33l (1 l = 2,50 €)","Getränke & Genussmittel","False","https://img.rewe-static.de/1908519/21043179_digital-image.png"
"Schöfferhofer Grapefruit 0,33l","Schöfferhofer","4053400258515","0.99","0,33l (1 l = 3 €)","Getränke & Genussmittel","False","https://img.rewe-static.de/0119360/7445080_digital-image.png"
"Schöfferhofer Weizen-Mix Kirsche 0,33l","Schöfferhofer","4053400207537","0.99","0,33l","Getränke & Genussmittel","False","https://img.rewe-static.de/7944038/43469551_digital-image.png"
"Desperados Lime 0,33l","Desperados","8712000055745","1.99","0,33l (1 l = 6,03 €)","Getränke & Genussmittel","False","https://img.rewe-static.de/8025891/31679983_digital-image.png"
"Württemberg Rotwein Samtrot Süss & Fruchtig 0,25l","NA","4006840248400","1.99","0,25l (1 l = 7,96 €)","Getränke & Genussmittel","False","https://img.rewe-static.de/1395764/26267949_digital-image.png"
"Berliner Kindl Weisse Waldmeister 0,33l","Berliner Kindl","4053400257389","0.99","0,33l (1 l = 3 €)","Getränke & Genussmittel","False","https://img.rewe-static.de/5990890/31504418_digital-image.png"
"Veltins Biermix V+ Curuba Tequila-Flavour 0,33l","Veltins","4005249005706","0.99","0,33l (1 l = 3 €)","Getränke & Genussmittel","False","https://img.rewe-static.de/5671043/26288989_digital-image.png"
"Hella Mineralwasser Classic 0,75l","Hella","4102380026963","0.59","0,75l (1 l = 0,79 €)","Getränke & Genussmittel","False","https://img.rewe-static.de/0341601/1521250_digital-image.png"
"Vilsa Apfelschorle 6x0,75l","Vilsa","4104450065605","7.14","6x0,75l (1 l = 1,59 €)","Getränke & Genussmittel","False","https://img.rewe-static.de/0898411/23962914_digital-image.png"
"Hella Mineralwasser Naturell 12x0,7l","Hella","4102380039734","5.59","12x0,70l (1 l = 0,67 €)","Getränke & Genussmittel","False","https://img.rewe-static.de/7944067/32476904_digital-image.png"
"Jameson Irish Whiskey 0,7l","Jameson","5011007003005","21.99","0,70l (1 l = 31,41 €)","Getränke & Genussmittel","False","https://img.rewe-static.de/6038883/15597730_digital-image.png"
"Krombacher Spezi 20x0,5l","Krombacher","4008287949667","14.99","20x0,50l (1 l = 1,50 €)","Getränke & Genussmittel","False","https://img.rewe-static.de/9005950/39417304_digital-image.png"
"REWE to go Ingwer Shot Apfel & Zitrone 125ml","REWE to go","42228547","1.99","125ml (1 l = 15,92 €)","Getränke & Genussmittel","False","https://img.rewe-static.de/8626589/35095896_digital-image.png"
"Amecke Sanfte Säfte Multivitamin 1l","Amecke","4005517004028","2.79","1l","Getränke & Genussmittel","False","https://img.rewe-static.de/5052505/1267660_digital-image.png"
"Mezzacorona Weißwein Pinot Grigio trocken 0,75l","NA","8004305000088","5.79","0,75l (1 l = 7,72 €)","Getränke & Genussmittel","False","https://img.rewe-static.de/0274069/35288910_digital-image.png"
"Volvic Touch Zero Wassermelone 6x1,5l","Volvic","3057640533143","11.34","6x1,50l (1 l = 1,26 €)","Getränke & Genussmittel","False","https://img.rewe-static.de/8064195/41501422_digital-image.png"
"Pepsi Cola 1,25l","Pepsi","4062139025251","0.79","1,25l (1 l = 0,63 €)","Getränke & Genussmittel","True","https://img.rewe-static.de/7591293/43268081_digital-image.png"
"Coca-Cola 24x0,33l","Coca-Cola","5449000000132","19.99","24x0,33l (1 l = 2,52 €)","Getränke & Genussmittel","False","https://img.rewe-static.de/4995414/22890267_digital-image.png"
"Gaffel Kölsch 0,5l","Gaffel","4002208001052","1.05","0,50l (1 l = 2,10 €)","Getränke & Genussmittel","False","https://img.rewe-static.de/8029822/28047999_digital-image.png"
"Deit Zitrone trüb 6x0,75l","Deit","4019313006100","7.14","6x0,75l (1 l = 1,59 €)","Getränke & Genussmittel","False","https://img.rewe-static.de/0574153/22591069_digital-image.png"
"Amecke Mehrfruchtsaft +Vitamin D 1l","Amecke","4005517016113","2.79","1l","Getränke & Genussmittel","False","https://img.rewe-static.de/8575890/32629145_digital-image.png"
"Blanchet Weißwein Blanc de Blancs trocken 0,75l","Blanchet","4001731315995","2.99","0,75l (1 l = 3,99 €)","Getränke & Genussmittel","True","https://img.rewe-static.de/4883110/2704140_digital-image.png"
"Warsteiner 20x0,5l","Warsteiner","4000856205440","16.79","20x0,50l (1 l = 1,68 €)","Getränke & Genussmittel","False","https://img.rewe-static.de/4665945/2139620_digital-image.png"
"Maybach Weißwein Weißer Burgunder QbA trocken 0,25l","Maybach","4003301081897","1.49","0,25l (1 l = 5,96 €)","Getränke & Genussmittel","False","https://img.rewe-static.de/2374425/26030495_digital-image.png"
"Erdinger Weissbier alkoholfrei 0,5l","Erdinger","4002103019107","1.29","0,50l (1 l = 2,58 €)","Getränke & Genussmittel","False","https://img.rewe-static.de/7723814/7448800_digital-image.png"
"Gallo Weißwein Chardonnay halbtrocken 0,75l","Gallo","85000005033","5.99","0,75l (1 l = 7,99 €)","Getränke & Genussmittel","False","https://img.rewe-static.de/7122373/6727040_digital-image.png"
"Württemberger Edition Gourmet Weißwein Rivaner halbtrocken alkoholfrei 0,75l","Württemberger","4006840525556","4.99","0,75l (1 l = 6,65 €)","Getränke & Genussmittel","False","https://img.rewe-static.de/7271152/29816506_digital-image.png"
"Veltins Radler 6x0,33l","Veltins","4005249008875","4.79","6x0,33l (1 l = 2,42 €)","Getränke & Genussmittel","False","https://img.rewe-static.de/0797529/3267760_digital-image.png"
"Active O2 Peach Grapefruit 0,75l","Adelholzener","4005906005971","1.19","0,75l (1 l = 1,59 €)","Getränke & Genussmittel","False","https://img.rewe-static.de/2608269/24803053_digital-image.png"
"Berentzen Smoothie Shot Tropical Fruit 0,5l","Berentzen","4041500030223","7.99","0,50l (1 l = 15,98 €)","Getränke & Genussmittel","False","https://img.rewe-static.de/7600513/42489708_digital-image.png"
"Volvic Juicy Orange-Mango 6x1l","Volvic","3057640448508","10.74","6x1l (1 l = 1,79 €)","Getränke & Genussmittel","False","https://img.rewe-static.de/2357375/23886623_digital-image.png"
"Amecke Sanfte Säfte Pink Grapefruit- Apfel-Sweetie 1l","Amecke","4005517004158","2.79","1l","Getränke & Genussmittel","False","https://img.rewe-static.de/7282474/29556152_digital-image.png"
"Schweppes American Ginger Ale Zero 1,25l","Schweppes","4000140711947","1.49","1,25l (1 l = 1,19 €)","Getränke & Genussmittel","True","https://img.rewe-static.de/8280671/31155271_digital-image.png"
"Vöslauer Himbeere 1l","Vöslauer","90098116","0.89","1l","Getränke & Genussmittel","False","https://img.rewe-static.de/7706781/41231585_digital-image.png"
"Vöslauer Wasser Mango sprudel 1l","Vöslauer","90098147","0.89","1l","Getränke & Genussmittel","False","https://img.rewe-static.de/8901095/39134244_digital-image.png"
"Vöslauer Orange 1l","Vöslauer","90098130","0.89","1l","Getränke & Genussmittel","False","https://img.rewe-static.de/7702895/43100556_digital-image.png"
"Captain Morgan Spiced Gold & Cola 0,25l","Captain Morgan","5000281073286","1.99","0,25l (1 l = 7,96 €)","Getränke & Genussmittel","True","https://img.rewe-static.de/7710158/39416838_digital-image.png"
"Astra Rakete Dose 0,33l","Astra","42278184","0.95","0,33l (1 l = 2,88 €)","Getränke & Genussmittel","False","https://img.rewe-static.de/3211256/26257212_digital-image.png"
"Carducci Sambuca 0,7l","Carducci","4337256780117","7.49","0,70l (1 l = 10,70 €)","Getränke & Genussmittel","False","https://img.rewe-static.de/0211922/2562060_digital-image.png"
"Deutsches Weintor Weißwein Grau- & Weißburgunder Edition Mild halbtrocken 0,75l","Deutsches Weintor","4018300320519","3.99","0,75l (1 l = 5,32 €)","Getränke & Genussmittel","True","https://img.rewe-static.de/0038798/2705170_digital-image.png"
"Aktien Zwick'l Kellerbier 0,5l","Aktien Zwick'l","40173801","1.09","0,50l (1 l = 2,18 €)","Getränke & Genussmittel","False","https://img.rewe-static.de/6948618/22993480_digital-image.png"
"Mönchshof Kellerbier 0,5l","Mönchshof","4082100009097","1.19","0,50l (1 l = 2,38 €)","Getränke & Genussmittel","False","https://img.rewe-static.de/3533115/26273546_digital-image.png"
"Krombacher Naturtrübes Kellerbier 6x0,33l","Krombacher","4008287910551","4.79","6x0,33l (1 l = 2,42 €)","Getränke & Genussmittel","False","https://img.rewe-static.de/2778974/25486000_digital-image.png"
"Krombacher Naturtrübes Kellerbier 0,33l","Krombacher","4008287910544","0.99","0,33l (1 l = 3 €)","Getränke & Genussmittel","False","https://img.rewe-static.de/2778959/25153973_digital-image.png"
"Mönchshof Zwickl Naturtrüb 0,5l","Mönchshof","4082100002258","1.19","0,50l","Getränke & Genussmittel","False","https://img.rewe-static.de/3231670/43523547_digital-image.png"
"Deutsches Weintor Rotwein Mild Dornfelder QbA halbtrocken 0,75l","Deutsches Weintor","4018300267517","3.99","0,75l (1 l = 5,32 €)","Getränke & Genussmittel","True","https://img.rewe-static.de/0038788/823460_digital-image.png"
"REWE Beste Wahl Mineralwasser Medium 6x1l","REWE Beste Wahl","4388844154735","2.34","6x1l (1 l = 0,39 €)","Getränke & Genussmittel","False","https://img.rewe-static.de/2181389/23170885_digital-image.png"
"Tyskie Gronie 0,5l","Tyskie","5901359062013","1.09","0,50l (1 l = 2,18 €)","Getränke & Genussmittel","False","https://img.rewe-static.de/0044401/10135310_digital-image.png"
"Oldesloer Drachenblut Lakritzlikör 0,7l","Oldesloer","40618616","5.49","0,70l (1 l = 7,84 €)","Getränke & Genussmittel","False","https://img.rewe-static.de/0460023/6123180_digital-image.png"
"Coca-Cola Zero Sugar 4x1,5l","Coca-Cola","5000112552171","4.76","4x1,50l (1 l = 0,79 €)","Getränke & Genussmittel","True","https://img.rewe-static.de/0054164/26127982_digital-image.png"
"Sinalco Cola Mix 1,25l","Sinalco","4018715002864","1.09","1,25l (1 l = 0,87 €)","Getränke & Genussmittel","False","https://img.rewe-static.de/0064845/11281110_digital-image.png"
"Volvic Tee Minz-Geschmack 1,5l","Volvic","3057640450808","1.89","1,50l (1 l = 1,26 €)","Getränke & Genussmittel","False","https://img.rewe-static.de/2666242/29523878_digital-image.png"
"REWE Beste Wahl Mineralwasser still 6x1l","REWE Beste Wahl","4388844154384","2.34","6x1l (1 l = 0,39 €)","Getränke & Genussmittel","False","https://img.rewe-static.de/2181399/23171911_digital-image.png"
"REWE Beste Wahl Spicy Ginger 0,5l","REWE Beste Wahl","4388844267855","0.59","0,50l (1 l = 1,18 €)","Getränke & Genussmittel","False","https://img.rewe-static.de/3212515/32548771_digital-image.png"
"Johnnie Walker Black 0,7l","Johnnie Walker","5000267024202","25.99","0,70l (1 l = 37,13 €)","Getränke & Genussmittel","False","https://img.rewe-static.de/5504716/39264778_digital-image.png"
"König Pilsener alkoholfrei 6x0,33l","König Pilsener","4100770005109","4.49","6x0,33l (1 l = 2,27 €)","Getränke & Genussmittel","False","https://img.rewe-static.de/4700775/2000990_digital-image.png"
"Paulaner Hefe-Weißbier naturtrüb 20x0,5l","Paulaner","4066600141969","13.99","20x0,50l (1 l = 1,40 €)","Getränke & Genussmittel","True","https://img.rewe-static.de/4989473/4783810_digital-image.png"
"Deutsches Weintor Weißwein Weißburgunder trocken 0,75l","Deutsches Weintor","4018300360515","3.99","0,75l (1 l = 5,32 €)","Getränke & Genussmittel","True","https://img.rewe-static.de/4653017/22618447_digital-image.png"
"Ballantine's Finest 0,7l","Ballantine's Finest","5010106113127","14.99","0,70l (1 l = 21,41 €)","Getränke & Genussmittel","False","https://img.rewe-static.de/0115088/620680_digital-image.png"
"Fuze Tea Schwarzer Tee Pfirsich 0,4l","Fuze Tea","42116455","1.15","0,40l (1 l = 2,88 €)","Getränke & Genussmittel","False","https://img.rewe-static.de/7195070/27283990_digital-image.png"
"Imiglykos Rotwein Black la Rot lieblich 0,75l","Imiglykos","5201015008608","3.69","0,75l (1 l = 4,92 €)","Getränke & Genussmittel","False","https://img.rewe-static.de/6348270/854180_digital-image.png"
"Astra Rakete 6x0,33l","Astra","4101010003398","5.49","6x0,33l (1 l = 2,77 €)","Getränke & Genussmittel","False","https://img.rewe-static.de/2375843/25887835_digital-image.png"
"Capri-Sun Fairy Drink 0,2l","Capri-Sun","4000177170700","0.59","0,20l (1 l = 2,95 €)","Getränke & Genussmittel","False","https://img.rewe-static.de/1914141/40181917_digital-image.png"
"Romanza Amaretto 0,7l","Romanza Amaretto","4061800129328","6.49","0,70l (1 l = 9,27 €)","Getränke & Genussmittel","False","https://img.rewe-static.de/3858898/28511274_digital-image.png"
"Jack Daniel's Tennessee Honey 35% 0,7l","Jack Daniel's","5099873001370","19.99","0,70l (1 l = 28,56 €)","Getränke & Genussmittel","False","https://img.rewe-static.de/1473635/26660855_digital-image.png"
"Rietburger Weißwein Grauer Burgunder QbA trocken 0,75l","Rietburg","4006975210051","5.49","0,75l (1 l = 7,32 €)","Getränke & Genussmittel","False","https://img.rewe-static.de/8970275/40769858_digital-image.png"
"Effect Energy Drink 0,5l","Effect","4025127020799","1.49","0,50l (1 l = 2,98 €)","Getränke & Genussmittel","False","https://img.rewe-static.de/1238796/20212288_digital-image.png"
"Effect Energy Drink Coconut Blueberry 0,33l","Effect","4025127088126","0.79","0,33l (1 l = 2,39 €)","Getränke & Genussmittel","True","https://img.rewe-static.de/7719399/39803709_digital-image.png"
"REWE Beste Wahl Mineralwasser Medium 6x0,5l","REWE Beste Wahl","4388844154339","1.74","6x0,50l (1 l = 0,58 €)","Getränke & Genussmittel","False","https://img.rewe-static.de/2181443/23277475_digital-image.png"
"REWE Beste Wahl Milder Multi 1l","REWE Beste Wahl","4337256261357","1.59","1l","Getränke & Genussmittel","False","https://img.rewe-static.de/8640590/34742161_digital-image.png"
"Schweppes Indian Tonic Water Zero 1l","Schweppes","4000140712319","2.19","1l","Getränke & Genussmittel","False","https://img.rewe-static.de/8343753/32803169_digital-image.png"
"SilberQuelle Orange 6x1,5l","SilberQuelle","9010800903136","8.94","6x1,50l (1 l = 0,99 €)","Getränke & Genussmittel","False","https://img.rewe-static.de/0484147/22479496_digital-image.png"
"REWE Bio Apfel-Mango Saft 1l","REWE Bio","4337256502801","2.29","1l","Getränke & Genussmittel","False","https://img.rewe-static.de/8015081/31327312_digital-image.png"
"Schweppes Original Wild Berry Zero 6x1,25l","Schweppes","4000140713378","8.94","6x1,25l (1 l = 1,19 €)","Getränke & Genussmittel","True","https://img.rewe-static.de/8477399/40620705_digital-image.png"
"Verpoorten Original 0,35l","Verpoorten","40157214","7.99","0,35l (1 l = 22,83 €)","Getränke & Genussmittel","False","https://img.rewe-static.de/0215295/10197080_digital-image.png"
"Sinalco Cola 1l","Sinalco","4018715004448","1.19","1l","Getränke & Genussmittel","False","https://img.rewe-static.de/1387170/7448090_digital-image.png"
"Sinalco Orange 1l","Sinalco","4018715004196","1.19","1l","Getränke & Genussmittel","False","https://img.rewe-static.de/1280554/7447410_digital-image.png"
"Radeberger Pilsner 24x0,33l","Radeberger","4014388002019","16.99","24x0,33l (1 l = 2,15 €)","Getränke & Genussmittel","False","https://img.rewe-static.de/8338442/3483640_digital-image.png"
"True Fruits Smoothie Triple Orange 750ml","True Fruits","4260122391400","3.49","750ml (1 l = 4,65 €)","Getränke & Genussmittel","True","https://img.rewe-static.de/8275586/29411772_digital-image.png"
"More Nutrition Zerup Peach Ice Tea 65ml","NA","4260644046130","5.99","65ml (1 l = 92,15 €)","Getränke & Genussmittel","False","https://img.rewe-static.de/8870936/38918546_digital-image.png"
"Krombacher Pils 6x0,33l","Krombacher","4008287055160","4.79","6x0,33l (1 l = 2,42 €)","Getränke & Genussmittel","False","https://img.rewe-static.de/6642063/626320_digital-image.png"
"Deutsches Weintor Rotwein Dornfelder QbA trocken 0,75l","Deutsches Weintor","4018300261515","3.99","0,75l (1 l = 5,32 €)","Getränke & Genussmittel","True","https://img.rewe-static.de/4579607/26582047_digital-image.png"
"REWE Beste Wahl Mineralwasser Classic 6x1l","REWE Beste Wahl","4388844154841","2.34","6x1l (1 l = 0,39 €)","Getränke & Genussmittel","False","https://img.rewe-static.de/2181377/23170879_digital-image.png"
"Ramazzotti Crema Cappuccino 0,7l","Ramazzotti","4005971394406","13.99","0,70l (1 l = 19,99 €)","Getränke & Genussmittel","False","https://img.rewe-static.de/8385805/31295014_digital-image.png"
"Rheinfels Quelle Lemon 6x0,75l","Rheinfels Quelle","4101130625098","3.54","6x0,75l (1 l = 0,79 €)","Getränke & Genussmittel","False","https://img.rewe-static.de/7184945/28136995_digital-image.png"
"True Fruits Smoothie yellow 250ml","True Fruits","4260122390014","2.79","250ml (1 l = 11,16 €)","Getränke & Genussmittel","False","https://img.rewe-static.de/0119447/2353260_digital-image.png"
"Afri Cola 1l","Afri Cola","4009228250477","1.29","1l","Getränke & Genussmittel","False","https://img.rewe-static.de/0538870/7575990_digital-image.png"
"Astra Urtyp 0,5l","Astra","42140849","0.95","0,50l (1 l = 1,90 €)","Getränke & Genussmittel","False","https://img.rewe-static.de/0016980/1152810_digital-image.png"
"Vöslauer natürliches Minderalwasser Junior 0,33l","Vöslauer","90097287","0.75","0,33l (1 l = 2,27 €)","Getränke & Genussmittel","False","https://img.rewe-static.de/0702899/22344917_digital-image.png"
"True Fruits Smoothie purple 250ml","True Fruits","4260122390045","2.79","250ml (1 l = 11,16 €)","Getränke & Genussmittel","False","https://img.rewe-static.de/0119485/2760980_digital-image.png"
"Krombacher Pils alkoholfrei 24x0,33l","Krombacher","4008287052510","16.99","24x0,33l (1 l = 2,15 €)","Getränke & Genussmittel","False","https://img.rewe-static.de/5770602/13718340_digital-image.png"
"Sinalco Orange 1,25l","Sinalco","4018715002833","1.09","1,25l (1 l = 0,87 €)","Getränke & Genussmittel","False","https://img.rewe-static.de/0064822/2879460_digital-image.png"
"Paulaner Spezi 0,33l","Paulaner","4066600103448","0.85","0,33l (1 l = 2,58 €)","Getränke & Genussmittel","False","https://img.rewe-static.de/1972068/21376008_digital-image.png"
"True Fruits Smoothie orange 250ml","True Fruits","4260122391288","2.79","250ml (1 l = 11,16 €)","Getränke & Genussmittel","False","https://img.rewe-static.de/7293022/28079751_digital-image.png"
"REWE Bio Rhabarber-Schorle 0,75l","REWE Bio","4337256386302","1.99","0,75l (1 l = 2,65 €)","Getränke & Genussmittel","False","https://img.rewe-static.de/7293092/28814275_digital-image.png"
"REWE Beste Wahl Orangensaft 1l","REWE Beste Wahl","4337256304009","2.99","1l","Getränke & Genussmittel","False","https://img.rewe-static.de/7877254/34823554_digital-image.png"
"REWE Bio Traubensaft Direktsaft 1l","REWE Bio","4337256486798","2.29","1l","Getränke & Genussmittel","False","https://img.rewe-static.de/0877993/6057640_digital-image.png"
"Volvic Tee Zitrone Zero 6x1,5l","Volvic","3057640575068","11.34","6x1,50l (1 l = 1,26 €)","Getränke & Genussmittel","False","https://img.rewe-static.de/8893133/39933865_digital-image.png"
"Absolut Vodka 0,7l","Absolut","7312040017683","14.99","0,70l (1 l = 21,41 €)","Getränke & Genussmittel","False","https://img.rewe-static.de/6061095/3436330_digital-image.png"
"Volvic Bio Matcha Tee 0,75l","Volvic","3057640568558","1.69","0,75l (1 l = 2,25 €)","Getränke & Genussmittel","False","https://img.rewe-static.de/8297175/29561972_digital-image.png"
"Rotkäppchen Rotwein Dornfelder halbtrocken 0,75l","Rotkäppchen-Mumm","4014741380228","4.49","0,75l (1 l = 5,99 €)","Getränke & Genussmittel","False","https://img.rewe-static.de/8757013/35693427_digital-image.png"
"Volvic Tee Pfirsich Zero 1,5l","Volvic","3057640574658","1.89","1,50l (1 l = 1,26 €)","Getränke & Genussmittel","False","https://img.rewe-static.de/8890508/39953480_digital-image.png"
"Rockstar Energy Drink Sour Raspberry 0,5l","Rockstar","4060800178701","1.79","0,50l (1 l = 3,58 €)","Getränke & Genussmittel","False","https://img.rewe-static.de/2080159/41888090_digital-image.png"
"Hella Limo Erdbeer 0,75l","Hella","4102380031400","0.79","0,75l (1 l = 1,05 €)","Getränke & Genussmittel","False","https://img.rewe-static.de/1999609/22772646_digital-image.png"
"Doppio Passo Rotwein Primitivo Puglia halbtrocken 0,25l","NA","4002859120485","2.99","0,25l (1 l = 11,96 €)","Getränke & Genussmittel","False","https://img.rewe-static.de/7934796/33308841_digital-image.png"
"Amecke Streuobstsaft Apfel 1l","Amecke","4005517005131","2.49","1l","Getränke & Genussmittel","False","https://img.rewe-static.de/8775715/38020727_digital-image.png"
"Kleiner Feigling Red Berry Sour 0,5l","Kleiner Feigling","4004752254649","7.99","0,50l (1 l = 15,98 €)","Getränke & Genussmittel","False","https://img.rewe-static.de/8021363/31933011_digital-image.png"
"Krombacher Pils 0,5l","Krombacher","4008287050134","0.95","0,50l (1 l = 1,90 €)","Getränke & Genussmittel","False","https://img.rewe-static.de/0016970/3905330_digital-image.png"
"Hohes C Multivitamin 6x1l","Hohes C","4048517703324","14.94","6x1l (1 l = 2,49 €)","Getränke & Genussmittel","False","https://img.rewe-static.de/8629539/34078202_digital-image.png"
"Innocent Direktsaft Blaubeere, Apfel, Johannisbeere & Cranberry 900ml","Innocent","5038862439220","3.49","900ml (1 l = 3,88 €)","Getränke & Genussmittel","False","https://img.rewe-static.de/8641847/34183236_digital-image.png"
"Vitamin Well Antioxidant 0,5l","Vitamin Well","4250616671057","1.99","0,50l (1 l = 3,98 €)","Getränke & Genussmittel","False","https://img.rewe-static.de/2101218/26212861_digital-image.png"
"Astra Kiezmische 0,33l","Astra","42278207","0.95","0,33l (1 l = 2,88 €)","Getränke & Genussmittel","False","https://img.rewe-static.de/3236209/27813154_digital-image.png"
"Folonari Rotwein Merlot Raboso Veneto trocken 1l","Folonari","8000160634017","4.49","1l","Getränke & Genussmittel","False","https://img.rewe-static.de/7034600/26480891_digital-image.png"
"REWE Bio Apfelsaft naturtrüb 1l","REWE Bio","4388860457612","1.79","1l","Getränke & Genussmittel","False","https://img.rewe-static.de/8387482/31327502_digital-image.png"
"Power Horse Energy 0,5l","Power Horse","9008442000726","1.29","0,50l (1 l = 2,58 €)","Getränke & Genussmittel","False","https://img.rewe-static.de/8350572/30415766_digital-image.png"
"Folonari Rotwein Cabernet Sauvignon Corvina Veneto 1l","Folonari","8000160634000","4.49","1l","Getränke & Genussmittel","False","https://img.rewe-static.de/7032599/26649818_digital-image.png"
"Nörten-Hardenberger Pils 6x0,33l","Nörten-Hardenberger","4069800588060","3.29","6x0,33l (1 l = 1,66 €)","Getränke & Genussmittel","False","https://img.rewe-static.de/0094088/674930_digital-image.png"
"REWE Bio Ingwer Shot mit Apfelsaft 150ml","REWE Bio","4337256562959","1.29","150ml (1 l = 8,60 €)","Getränke & Genussmittel","False","https://img.rewe-static.de/7721057/38673879_digital-image.png"
"Rasgón Rotwein Tempranillo halbtrocken 0,75l","Rasgón","8437003223068","3.99","0,75l (1 l = 5,32 €)","Getränke & Genussmittel","False","https://img.rewe-static.de/3568300/821400_digital-image.png"
"Le Sweet Filou Weißwein blanc süß 0,75l","Le Sweet Filou","3263280118989","3.99","0,75l (1 l = 5,32 €)","Getränke & Genussmittel","False","https://img.rewe-static.de/1966633/21965841_digital-image.png"
"Yellow Tail Rotwein Shiraz trocken 0,75l","[ yellow tail ]","9322214006229","5.49","0,75l (1 l = 7,32 €)","Getränke & Genussmittel","False","https://img.rewe-static.de/6285414/3148740_digital-image.png"
"REWE Feine Welt Limoncello di Calabria 0,7l","REWE Feine Welt","4337256373487","8.99","0,70l (1 l = 12,84 €)","Getränke & Genussmittel","False","https://img.rewe-static.de/8679013/35315684_digital-image.png"
"Mineau Mineralwasser Classic 12x1l","Mineau","4010491124303","4.29","12x1l (1 l = 0,36 €)","Getränke & Genussmittel","False","https://img.rewe-static.de/5913551/43950129_digital-image.png"
"Barefoot Rotwein Cabernet Sauvignon halbtrocken 0,75l","Barefoot","18341751017","5.99","0,75l (1 l = 7,99 €)","Getränke & Genussmittel","False","https://img.rewe-static.de/1313068/17777660_digital-image.png"
"Rauch Yippy Erdbeere 0,33l","Rauch","9008700192415","0.99","0,33l (1 l = 3 €)","Getränke & Genussmittel","False","https://img.rewe-static.de/7196282/29746576_digital-image.png"
"Helbing Hamburgs Feiner Kümmel 0,7l","Helbing","40624006","11.49","0,70l (1 l = 16,41 €)","Getränke & Genussmittel","False","https://img.rewe-static.de/4957458/2854320_digital-image.png"
"Active O2 Maracuja Lime 0,75l","Adelholzener","4005906004585","1.19","0,75l (1 l = 1,59 €)","Getränke & Genussmittel","False","https://img.rewe-static.de/2077090/22172457_digital-image.png"
"Premier Rendez-Vous Rotwein Cabernet Merlot trocken 0,75l","NA","3700619325651","6.99","0,75l (1 l = 9,32 €)","Getränke & Genussmittel","False","https://img.rewe-static.de/3041914/41306749_digital-image.png"
"Valensina Mildes Frühstück Multivitamin 6x1l","Valensina","4009491222027","14.94","6x1l (1 l = 2,49 €)","Getränke & Genussmittel","False","https://img.rewe-static.de/8656062/34765665_digital-image.png"
"REWE Beste Wahl Mango-Maracuja-Nektar 1l","REWE Beste Wahl","4388860145380","1.59","1l","Getränke & Genussmittel","False","https://img.rewe-static.de/0593715/34696401_digital-image.png"
"Fanta Orange 1,5l","Fanta","5000112547849","1.19","1,50l (1 l = 0,79 €)","Getränke & Genussmittel","True","https://img.rewe-static.de/6730531/7336700_digital-image.png"
"REWE Beste Wahl Himbeer-Getränkesirup 0,5l","REWE Beste Wahl","4337256092135","1.79","0,50l (1 l = 3,58 €)","Getränke & Genussmittel","False","https://img.rewe-static.de/0708264/22277790_digital-image.png"
"Coca-Cola 6x0,33l","Coca-Cola","5449000145222","4.29","6x0,33l (1 l = 2,17 €)","Getränke & Genussmittel","False","https://img.rewe-static.de/0436772/38424014_digital-image.png"
"Hitchcock Zitronensaft 100% Direktsaft 0,2l","Hitchcock","5410188802047","1.59","0,20l (1 l = 7,95 €)","Getränke & Genussmittel","False","https://img.rewe-static.de/3645975/1803820_digital-image.png"
"Fanta Orange 4x1,5l","Fanta","5000112547856","4.76","4x1,50l (1 l = 0,79 €)","Getränke & Genussmittel","True","https://img.rewe-static.de/6730981/1905410_digital-image.png"
"Innocent Smoothie Plus Antioxidant 250ml","Innocent","5038862001489","2.29","250ml (1 l = 9,16 €)","Getränke & Genussmittel","False","https://img.rewe-static.de/7770581/36795884_digital-image.png"
"REWE Bio Kurkuma Shot mit Orangensaft 150ml","REWE Bio","4337256562171","1.29","150ml (1 l = 8,60 €)","Getränke & Genussmittel","False","https://img.rewe-static.de/8877187/38673940_digital-image.png"
"Rauch Happy Day Mango 1l","Happy Day","9008700108829","2.69","1l","Getränke & Genussmittel","False","https://img.rewe-static.de/5427592/3313160_digital-image.png"
"REWE Beste Wahl Apfelsaft naturtrüb 1l","REWE Beste Wahl","4388860445053","1.79","1l","Getränke & Genussmittel","False","https://img.rewe-static.de/8032701/30735605_digital-image.png"
"Sprite 4x1,5l","Sprite","5000112547832","4.76","4x1,50l (1 l = 0,79 €)","Getränke & Genussmittel","True","https://img.rewe-static.de/6730914/22543596_digital-image.png"
"Hohes C Milder Multivitamin 100% Saft 1l","Hohes C","4048517701955","2.49","1l","Getränke & Genussmittel","False","https://img.rewe-static.de/8630608/33805731_digital-image.png"
"Coca-Cola 0,33l Glasflasche","Coca-Cola","87126853","1.19","0,33l (1 l = 3,61 €)","Getränke & Genussmittel","False","https://img.rewe-static.de/8012695/26289119_digital-image.png"
"Fürst Bismarck Mineralwasser Still 12x1l","Fürst Bismarck","4102380500715","5.49","12x1l (1 l = 0,46 €)","Getränke & Genussmittel","True","https://img.rewe-static.de/2057611/21985151_digital-image.png"
"Red Bull Energy Drink Sea Blue Edition Juneberry 0,25l","Red Bull","90453885","0.95","0,25l (1 l = 3,80 €)","Getränke & Genussmittel","True","https://img.rewe-static.de/8880556/38564401_digital-image.png"
"Wegenstein Weißwein Grüner Veltliner trocken 1l","Wegenstein","4337256757980","2.99","1l","Getränke & Genussmittel","False","https://img.rewe-static.de/6443281/3732360_digital-image.png"
"Coca-Cola Cherry 12x1l","Coca-Cola","5449000026125","15.99","12x1l (1 l = 1,33 €)","Getränke & Genussmittel","False","https://img.rewe-static.de/4410793/7141810_digital-image.png"
"Volvic Touch Himbeere Geschmack Zero 1,5l","Volvic","3057640573583","1.89","1,50l (1 l = 1,26 €)","Getränke & Genussmittel","False","https://img.rewe-static.de/7782518/36045627_digital-image.png"
"Volvic Mineralwasser Naturelle 0,5l","Volvic","42150237","0.69","0,50l (1 l = 1,38 €)","Getränke & Genussmittel","False","https://img.rewe-static.de/6738788/7195160_digital-image.png"
"Kerner Weißwein Riesling halbtrocken 1l","Kerner Riesling","4337256852814","2.99","1l","Getränke & Genussmittel","False","https://img.rewe-static.de/1211975/13749930_digital-image.png"
"Schwip Schwap Colamix 0,5l","Schwip Schwap","4062139002290","1.19","0,50l (1 l = 2,38 €)","Getränke & Genussmittel","False","https://img.rewe-static.de/8539331/40968770_digital-image.png"
"Rauch Happy Day Erdbeere 1l","Happy Day","9008700120258","2.69","1l","Getränke & Genussmittel","False","https://img.rewe-static.de/5386160/988920_digital-image.png"
"Gerolsteiner Apfelschorle 6x0,75l","Gerolsteiner","4001513102287","7.14","6x0,75l (1 l = 1,59 €)","Getränke & Genussmittel","False","https://img.rewe-static.de/0913246/26544256_digital-image.png"
"Gerolsteiner Sprudel 6x1,5l","Gerolsteiner","4001513101396","5.94","6x1,50l (1 l = 0,66 €)","Getränke & Genussmittel","False","https://img.rewe-static.de/6421385/2195760_digital-image.png"
"Rauch Happy Day Pink Guave 1l","Happy Day","9008700155458","2.69","1l","Getränke & Genussmittel","False","https://img.rewe-static.de/1488400/22474143_digital-image.png"
"Hella Himbeere 0,75l","Hella","4102380029131","0.49","0,75l (1 l = 0,65 €)","Getränke & Genussmittel","True","https://img.rewe-static.de/1098303/20396153_digital-image.png"
"Hella Pfirsich 0,75l","Hella","4102380027823","0.49","0,75l (1 l = 0,65 €)","Getränke & Genussmittel","True","https://img.rewe-static.de/0552961/5192500_digital-image.png"
"REWE Beste Wahl Orangensaft mit Fruchtfleisch 1l","REWE Beste Wahl","4337256303668","2.99","1l","Getränke & Genussmittel","False","https://img.rewe-static.de/8626551/34664001_digital-image.png"
"Magnus Mineralwasser Still 12x0,75l","Magnus","4001228113097","5.49","12x0,70l (1 l = 0,65 €)","Getränke & Genussmittel","False","https://img.rewe-static.de/9778586/24075227_digital-image.png"
"REWE Beste Wahl Wild Berry 1l","REWE Beste Wahl","4388860107845","0.89","1l","Getränke & Genussmittel","False","https://img.rewe-static.de/7186211/27915391_digital-image.png"
"Monster Energy Ultra Peachy Zero 0,5l","Monster","5061013941815","1.49","0,50l (1 l = 2,98 €)","Getränke & Genussmittel","False","https://img.rewe-static.de/9024645/42685103_digital-image.png"
"Fanta Orange 6x0,33l","Fanta","5449000103567","4.29","6x0,33l (1 l = 2,17 €)","Getränke & Genussmittel","False","https://img.rewe-static.de/0560587/1676230_digital-image.png"
"1112 Weißwein Blanc de Noirs trocken 0,75l","NA","4061443551005","4.99","0,75l (1 l = 6,65 €)","Getränke & Genussmittel","False","https://img.rewe-static.de/7231430/27821749_digital-image.png"
"Chianti Superiore Toskana Rotwein trocken 0,75l","Poggio al Casone","8002153991053","7.99","0,75l (1 l = 10,65 €)","Getränke & Genussmittel","False","https://img.rewe-static.de/7159544/3229970_digital-image.png"
"Monster Energy Juiced Mango Loco 0,5l","Monster","5060517888510","1.49","0,50l (1 l = 2,98 €)","Getränke & Genussmittel","False","https://img.rewe-static.de/8195795/28325652_digital-image.png"
"Hella Sunny Melone 0,75l","Hella","4102380034326","0.49","0,75l (1 l = 0,65 €)","Getränke & Genussmittel","True","https://img.rewe-static.de/2708202/25033526_digital-image.png"
"König Pilsener 20x0,5l","König Pilsener","4100770300051","16.79","20x0,50l (1 l = 1,68 €)","Getränke & Genussmittel","False","https://img.rewe-static.de/4477138/21104244_digital-image.png"
"Vöslauer Himbeere 6x1l","Vöslauer","9009700212745","5.34","6x1l (1 l = 0,89 €)","Getränke & Genussmittel","False","https://img.rewe-static.de/8898182/41106915_digital-image.png"
"Dornfelder Rotwein QbA lieblich Rheinhessen/Pfalz 0,75l","Dornfelder","4337256750691","2.49","0,75l (1 l = 3,32 €)","Getränke & Genussmittel","False","https://img.rewe-static.de/2584573/2179080_digital-image.png"
"Rauch Yippi Apfel 0.33l","Rauch","9008700204170","0.99","0,33l (1 l = 3 €)","Getränke & Genussmittel","False","https://img.rewe-static.de/8379967/31502238_digital-image.png"
"Maximal G Energy Drink Sugarfree 0,25l","Maximal G","4388844254831","0.75","0,25l (1 l = 3 €)","Getränke & Genussmittel","False","https://img.rewe-static.de/2850162/25569686_digital-image.png"
"Fritz-limo Apfel-Kirsch-Holunder-Limonade 0,33l","Fritz","4260107220299","1.39","0,33l (1 l = 4,21 €)","Getränke & Genussmittel","False","https://img.rewe-static.de/0790891/21474630_digital-image.png"
"Volvic Touch Rote Früchte 1,5l","Volvic","3057640376153","1.89","1,50l (1 l = 1,26 €)","Getränke & Genussmittel","False","https://img.rewe-static.de/0413832/29524328_digital-image.png"
"Los Cantaros Rotwein Bio La Mancha trocken 0,75l","Los Cántaros","4024967303727","3.99","0,75l (1 l = 5,32 €)","Getränke & Genussmittel","False","https://img.rewe-static.de/7256302/6080400_digital-image.png"
"Fuze Tea Schwarzer Tee Zitrone 1,25l","Fuze Tea","5000112641851","1.69","1,25l (1 l = 1,35 €)","Getränke & Genussmittel","False","https://img.rewe-static.de/8335724/29725383_digital-image.png"
"Rauch Happy Day Fruchtsaft Drachenfrucht 1l","Rauch Happy Day","9008700215152","2.69","1l","Getränke & Genussmittel","False","https://img.rewe-static.de/7825573/36918624_digital-image.png"
"Lamberti Weißwein Pinot Grigio trocken 0,75l","Lamberti","8000160616365","4.99","0,75l (1 l = 6,65 €)","Getränke & Genussmittel","False","https://img.rewe-static.de/9083392/43318689_digital-image.png"
"Mönchshof Original Naturtrüb's alkoholfrei 0,5l","Mönchshof","4082100003552","1.19","0,50l (1 l = 2,38 €)","Getränke & Genussmittel","False","https://img.rewe-static.de/2146338/27309654_digital-image.png"
"Tradición De Aresan Rotwein Tempranillo Cabernet Sauvignon Bio 0,75l","NA","8436570000805","4.99","0,75l (1 l = 6,65 €)","Getränke & Genussmittel","False","https://img.rewe-static.de/8058309/29689129_digital-image.png"
"NordQuell Mineralwasser Medium 12x1l","NordQuell","4102380043014","5.49","12x1l","Getränke & Genussmittel","False","https://img.rewe-static.de/9091674/45539154_digital-image.png"
"SodaStream Getränkesirup Pepsi Cola Zero Zucker 440ml","SodaStream","8719128117249","4.99","440ml (1 l = 11,34 €)","Getränke & Genussmittel","False","https://img.rewe-static.de/8416513/30818134_digital-image.png"
"Biozentrale Bio Zitronensaft 250ml","biozentrale","4005009103697","2.69","250ml (1 l = 10,76 €)","Getränke & Genussmittel","False","https://img.rewe-static.de/7055136/26948873_digital-image.png"
"Desperados 0,0% alkoholfrei 4x0,33l","Desperados","4260197093001","6.49","4x0,33l (1 l = 4,92 €)","Getränke & Genussmittel","False","https://img.rewe-static.de/8705538/35347006_digital-image.png"
"Vöslauer Orange 6x1l","Vöslauer","9009700212769","5.34","6x1l (1 l = 0,89 €)","Getränke & Genussmittel","False","https://img.rewe-static.de/7704961/41676666_digital-image.png"
"Desperados Mojito Beer 4x0,33l","Desperados","8712000051983","6.49","4x0,33l (1 l = 4,92 €)","Getränke & Genussmittel","False","https://img.rewe-static.de/7179904/28037800_digital-image.png"
"Lamberti Garda Weißwein Pinot Grigio trocken 0,75l","Lamberti","8000160616419","4.99","0,75l (1 l = 6,65 €)","Getränke & Genussmittel","False","https://img.rewe-static.de/7584096/44231420_digital-image.png"
"Lipton Zero Zitrone Eistee 1,25l","Lipton","4062139009954","1.89","1,25l (1 l = 1,51 €)","Getränke & Genussmittel","False","https://img.rewe-static.de/9063793/43044565_digital-image.png"
"Coca-Cola 0,33l","Coca-Cola","90370960","0.72","0,33l (1 l = 2,18 €)","Getränke & Genussmittel","False","https://img.rewe-static.de/0436785/22569103_digital-image.png"
"Monster Energy Ultra Fiesta Mango Flavour 0,5l","Monster","5060751212249","1.49","0,50l (1 l = 2,98 €)","Getränke & Genussmittel","False","https://img.rewe-static.de/8550197/33154921_digital-image.png"
"Beck's Blue alkoholfrei 6x0,33l","Beck's","4100130900327","4.69","6x0,33l (1 l = 2,37 €)","Getränke & Genussmittel","False","https://img.rewe-static.de/7504870/3274320_digital-image.png"
"Sprite 1,5l","Sprite","5000112547825","1.19","1,50l (1 l = 0,79 €)","Getränke & Genussmittel","True","https://img.rewe-static.de/6730507/7313170_digital-image.png"
"Beck's Unfiltered Pils 6x0,33l","Beck's","4100130012990","4.69","6x0,33l (1 l = 2,37 €)","Getränke & Genussmittel","False","https://img.rewe-static.de/8536455/32556641_digital-image.png"
"Active O2 Lemon 0,75l","Adelholzener","4005906005162","1.19","0,75l (1 l = 1,59 €)","Getränke & Genussmittel","False","https://img.rewe-static.de/1080952/8941910_digital-image.png"
"Jack Daniel's mit Coca-Cola 0,33l","Jack Daniel's","5099873026076","2.99","0,33l (1 l = 9,06 €)","Getränke & Genussmittel","False","https://img.rewe-static.de/8969607/40349794_digital-image.png"
"Landlust Bio Weißwein Rivaner & Weißer Burgunder QbA trocken 0,75l","Landlust","4003301072635","4.99","0,75l (1 l = 6,65 €)","Getränke & Genussmittel","False","https://img.rewe-static.de/2519158/24196491_digital-image.png"
"Valensina Milder Apfel mild & trüb 1l","Valensina","4009491022108","2.49","1l","Getränke & Genussmittel","False","https://img.rewe-static.de/7858273/34183067_digital-image.png"
"Fanta Orange 0,33l","Fanta","54493933","0.72","0,33l (1 l = 2,18 €)","Getränke & Genussmittel","False","https://img.rewe-static.de/2500227/31502598_digital-image.png"
"City Rosato Rosé Frizzante 0,2l","City","4062073999977","0.99","0,20l (1 l = 4,95 €)","Getränke & Genussmittel","False","https://img.rewe-static.de/8650777/34037160_digital-image.png"
"Rotkäppchen Sekt halbtrocken 0,2l","Rotkäppchen-Mumm","4400066903547","1.59","0,20l (1 l = 7,95 €)","Getränke & Genussmittel","False","https://img.rewe-static.de/6242863/2930160_digital-image.png"
"Deit Cola Mix 1l","Deit","4104450003188","1.29","1l","Getränke & Genussmittel","False","https://img.rewe-static.de/9699295/26289126_digital-image.png"
"Molinari Sambuca Extra 0,7l","Molinari","8002095704001","16.99","0,70l (1 l = 24,27 €)","Getränke & Genussmittel","False","https://img.rewe-static.de/5505151/974470_digital-image.png"
"Biozentrale Bio Direktsaft Zitrone Ingwer 0,25l","biozentrale","4005009101693","3.79","0,25l (1 l = 15,16 €)","Getränke & Genussmittel","False","https://img.rewe-static.de/8363311/31704980_digital-image.png"
"Hella Leichte Limo Zitrone 0,75l","Hella","4102380042703","0.79","0,75l (1 l = 1,05 €)","Getränke & Genussmittel","False","https://img.rewe-static.de/9074529/42814684_digital-image.png"
"Salitos Tequila 4x0,33l","Salitos","4025127014262","5.79","4x0,33l (1 l = 4,39 €)","Getränke & Genussmittel","False","https://img.rewe-static.de/2152613/29385106_digital-image.png"
"Die Limo Limette & Zitrone 1l","Granini","4045145295108","1.69","1l","Getränke & Genussmittel","False","https://img.rewe-static.de/1903482/20984838_digital-image.png"
"Rauch Yippy Cherry 0,33l","Rauch","9008700176248","0.99","0,33l (1 l = 3 €)","Getränke & Genussmittel","False","https://img.rewe-static.de/2273060/23108283_digital-image.png"
"Granini Die Limo Orange & Lemongras 1l","Granini","4048517742682","1.69","1l","Getränke & Genussmittel","False","https://img.rewe-static.de/8930541/39684026_digital-image.png"
"Württemberger Rotwein Trollinger QbA halbtrocken 0,75l","Württemberger","4006840173559","4.99","0,75l (1 l = 6,65 €)","Getränke & Genussmittel","False","https://img.rewe-static.de/8194556/1852330_digital-image.png"
"Vitamin Well React Koffein Drink Schwarze Johannisbeere 0,5l","Vitamin Well","4260287181311","1.99","0,50l (1 l = 3,98 €)","Getränke & Genussmittel","False","https://img.rewe-static.de/8917478/40210526_digital-image.png"
"Volvic Essence Bio Apfel-Zitrone 6x0,75l","Volvic","3057640503368","8.34","6x0,75l (1 l = 1,85 €)","Getränke & Genussmittel","False","https://img.rewe-static.de/7210593/28373036_digital-image.png"
"Freixenet Weißwein Mederano Blanco lieblich 0,75l","Freixenet","8410384001135","4.49","0,75l (1 l = 5,99 €)","Getränke & Genussmittel","False","https://img.rewe-static.de/3220544/26519485_digital-image.png"
"Beck's Green Lemon 0,5l","Beck's","42141327","1.09","0,50l (1 l = 2,18 €)","Getränke & Genussmittel","False","https://img.rewe-static.de/0019262/21743579_digital-image.png"
"Quelly Vita 10 ACE Getränk 1,5l","Wesergold","4100060012329","1.49","1,50l (1 l = 0,99 €)","Getränke & Genussmittel","False","https://img.rewe-static.de/0547037/27644802_digital-image.png"
"Lift Light Presta Orange Maracuja 12x1l","Lift","5449000300973","15.99","12x1l (1 l = 1,33 €)","Getränke & Genussmittel","False","https://img.rewe-static.de/8616900/33499658_digital-image.png"
"Hella Mineralwasser Classic 12x1l","Hella","4102380042741","7.69","12x1l (1 l = 0,64 €)","Getränke & Genussmittel","False","https://img.rewe-static.de/7578804/43902164_digital-image.png"
"Marathon Iso-Fitnessdrink 0,5l","Marathon","4388810057671","0.39","0,50l (1 l = 0,78 €)","Getränke & Genussmittel","False","https://img.rewe-static.de/0517526/2474020_digital-image.png"
"Malibu Kokoslikör 0,7l","Malibu","8410024710601","13.99","0,70l (1 l = 19,99 €)","Getränke & Genussmittel","False","https://img.rewe-static.de/7525020/43079464_digital-image.png"
"Gallo Weißwein Pinot Grigio halbtrocken 0,75l","Gallo","85000016626","5.99","0,75l (1 l = 7,99 €)","Getränke & Genussmittel","False","https://img.rewe-static.de/0349170/5377630_digital-image.png"
"Biorebe Bio Weißwein Riesling halbtrocken 0,75l","Biorebe","4003301080975","4.99","0,75l (1 l = 6,65 €)","Getränke & Genussmittel","False","https://img.rewe-static.de/7275648/27806703_digital-image.png"
"28 Black Acai Zero 0,25l","28 black","4260160952014","1.59","0,25l (1 l = 6,36 €)","Getränke & Genussmittel","False","https://img.rewe-static.de/1184485/36507990_digital-image.png"
"Gerolsteiner Lemon 6x1,5l","Gerolsteiner","4001513104380","5.94","6x1,50l (1 l = 0,66 €)","Getränke & Genussmittel","False","https://img.rewe-static.de/7587292/43090329_digital-image.png"
"Krombacher Pils 0,5l","Krombacher","4008287054026","1.09","0,50l (1 l = 2,18 €)","Getränke & Genussmittel","False","https://img.rewe-static.de/6562019/7444940_digital-image.png"
"Krombacher Radler alkoholfrei 0,33l","Krombacher","4008287073522","0.99","0,33l (1 l = 3 €)","Getränke & Genussmittel","False","https://img.rewe-static.de/0359842/26287436_digital-image.png"
"Astra Kiezmische 0,33l","Astra","42278177","0.99","0,33l (1 l = 3 €)","Getränke & Genussmittel","False","https://img.rewe-static.de/3236155/28107408_digital-image.png"
"Biorebe Bio Roséwein Sangiovese Rosé halbtrocken 0,75l","Biorebe","4003301085550","4.99","0,75l (1 l = 6,65 €)","Getränke & Genussmittel","False","https://img.rewe-static.de/8291026/33756005_digital-image.png"
"Pfanner Der Grüne Tee Zitrone-Kaktusfeige 2l","Pfanner","9006900014858","1.99","2l (1 l = 1 €)","Getränke & Genussmittel","False","https://img.rewe-static.de/5956838/7004250_digital-image.png"
"Dr. Pepper Cola 0,33l","Dr Pepper","4000140702501","0.79","0,33l (1 l = 2,39 €)","Getränke & Genussmittel","True","https://img.rewe-static.de/1268036/34741812_digital-image.png"
"Pepsi Cola Zero Zucker 1,25l","Pepsi","4062139025299","0.79","1,25l (1 l = 0,63 €)","Getränke & Genussmittel","True","https://img.rewe-static.de/7537010/43268182_digital-image.png"
"Pfanner Ice Tea Lemon-Lime 2l","Pfanner","9006900011512","1.99","2l (1 l = 1 €)","Getränke & Genussmittel","False","https://img.rewe-static.de/0794902/1858640_digital-image.png"
"Granini Selection Maracuja 0,75l","Granini","4048517742521","2.29","0,75l (1 l = 3,05 €)","Getränke & Genussmittel","False","https://img.rewe-static.de/8933602/40116192_digital-image.png"
"Hella Erdbeere 0,75l","Hella","4102380027052","0.49","0,75l (1 l = 0,65 €)","Getränke & Genussmittel","True","https://img.rewe-static.de/0341609/1201310_digital-image.png"
"REWE to go Ingwer Shot mit Orange Zitrone & Kurkuma 60ml","REWE to go","42229315","1.49","60ml (1 l = 24,83 €)","Getränke & Genussmittel","False","https://img.rewe-static.de/8071848/29657049_digital-image.png"
"Bullit Energy Drink Sugar Free 0,33l","Bullit","4337256216258","0.39","0,33l (1 l = 1,18 €)","Getränke & Genussmittel","False","https://img.rewe-static.de/7921815/33260296_digital-image.png"
"Red Bull Energy Drink White Edition Kokos-Blaubeere 0,25l","Red Bull","90433627","0.95","0,25l (1 l = 3,80 €)","Getränke & Genussmittel","True","https://img.rewe-static.de/7203787/27432978_digital-image.png"
"Hella Aktiv Grapefruit 6x0,75l","Hella","4102380029278","4.74","6x0,75l (1 l = 1,05 €)","Getränke & Genussmittel","False","https://img.rewe-static.de/1098315/15554720_digital-image.png"
"Granini Apfel-Kirsche 1l","Granini","4048517741807","2.29","1l","Getränke & Genussmittel","False","https://img.rewe-static.de/7680989/40116715_digital-image.png"
"Hella Birne 0,75l","Hella","4102380031998","0.49","0,75l (1 l = 0,65 €)","Getränke & Genussmittel","True","https://img.rewe-static.de/2103728/22544956_digital-image.png"
"Coca-Cola Zero Sugar 1,5l","Coca-Cola","5000112552195","1.19","1,50l (1 l = 0,79 €)","Getränke & Genussmittel","True","https://img.rewe-static.de/0054163/26127985_digital-image.png"
"Innocent Smoothie Kiwi Apfel und Limette 250ml","Innocent","5038862235938","2.29","250ml (1 l = 9,16 €)","Getränke & Genussmittel","False","https://img.rewe-static.de/7867312/33646548_digital-image.png"
"Fanta Orange 0,33l","Fanta","87126860","1.19","0,33l (1 l = 3,61 €)","Getränke & Genussmittel","False","https://img.rewe-static.de/8012792/28097449_digital-image.png"
"Rotkäppchen Sekt halbtrocken 0,75l","Rotkäppchen-Mumm","4400066903530","4.99","0,75l (1 l = 6,65 €)","Getränke & Genussmittel","False","https://img.rewe-static.de/6242880/1807160_digital-image.png"
"Fruity Grüner Tee Pfirsich 1l","Fruity","9006900214708","0.79","1l","Getränke & Genussmittel","False","https://img.rewe-static.de/2104577/22485852_digital-image.png"
"Coca-Cola Zero Sugar 6x2l","Coca-Cola","5000112552225","13.14","6x2l (1 l = 1,10 €)","Getränke & Genussmittel","False","https://img.rewe-static.de/0049838/21202362_digital-image.png"
"Red Bull Energy Drink Green Edition Kaktusfrucht 0,25l","Red Bull","90446832","0.95","0,25l (1 l = 3,80 €)","Getränke & Genussmittel","True","https://img.rewe-static.de/7943457/32202574_digital-image.png"
"Coca-Cola Zero 0,33l","Coca-Cola","54493438","0.72","0,33l (1 l = 2,18 €)","Getränke & Genussmittel","False","https://img.rewe-static.de/2500225/25887235_digital-image.png"
"Biorebe Bio Rotwein Tempranillo trocken 0,75l","Biorebe","4003301034589","4.99","0,75l (1 l = 6,65 €)","Getränke & Genussmittel","False","https://img.rewe-static.de/0095251/2066030_digital-image.png"
"Valensina Kids Bibi & Tina Roter Fruchtmix mit Schwarzkarotte 0,33l","Valensina","4009491020142","1.09","0,33l (1 l = 3,30 €)","Getränke & Genussmittel","False","https://img.rewe-static.de/7857873/35906275_digital-image.png"
"Valensina Kids Benjamin Blümchen Fruchtmix mit Karotte 0,33l","Valensina","4009491020111","1.09","0,33l (1 l = 3,30 €)","Getränke & Genussmittel","False","https://img.rewe-static.de/7858023/35906277_digital-image.png"
"Fanta Orange Zero 0,5l","Fanta","5000112521634","1.29","0,50l (1 l = 2,58 €)","Getränke & Genussmittel","False","https://img.rewe-static.de/2750035/29290670_digital-image.png"
"Lipton Zero Ice Tea Pfirsich 1,25l","Lipton","4062139009978","1.89","1,25l (1 l = 1,51 €)","Getränke & Genussmittel","False","https://img.rewe-static.de/9062838/43044518_digital-image.png"
"Doppio Passo Rotwein süß Primitivo alkoholfrei 0,75l","NA","4002859125800","7.99","0,75l (1 l = 10,65 €)","Getränke & Genussmittel","False","https://img.rewe-static.de/7713639/39364338_digital-image.png"
"REWE Bio Karottensaft 0,5l","REWE Bio","4337256441728","1.29","0,50l (1 l = 2,58 €)","Getränke & Genussmittel","False","https://img.rewe-static.de/7186203/28607972_digital-image.png"
"Hella Classic 6x0,75l","Hella","4102380026970","3.54","6x0,75l (1 l = 0,79 €)","Getränke & Genussmittel","False","https://img.rewe-static.de/0341602/2716610_digital-image.png"
"Hella Wellness Birne-Mango 6x0,75l","Hella","4102380028745","4.74","6x0,75l (1 l = 1,05 €)","Getränke & Genussmittel","False","https://img.rewe-static.de/0903506/23989003_digital-image.png"
"Volvic Touch Rote Früchte 6x1,5l","Volvic","3057640376238","11.34","6x1,50l (1 l = 1,26 €)","Getränke & Genussmittel","False","https://img.rewe-static.de/0418372/27332149_digital-image.png"
"Amecke Sanfte Säfte Apfel naturtrüb 1l","Amecke","4005517004004","2.79","1l","Getränke & Genussmittel","False","https://img.rewe-static.de/5052149/1998590_digital-image.png"
"Fürst Bismarck Lemon 0,75l","Fürst Bismarck","4102380502863","0.79","0,75l (1 l = 1,05 €)","Getränke & Genussmittel","False","https://img.rewe-static.de/8008001/33124124_digital-image.png"
"Kunzmann Bio-Glühwein rot 1l","Kunzmann Weinkellerei","4101660000563","4.49","1l","Getränke & Genussmittel","False","https://img.rewe-static.de/0077989/730570_digital-image.png"
"Vitamin Well Reload Zitrone & Limette 0,5l","Vitamin Well","4250616671040","1.99","0,50l (1 l = 3,98 €)","Getränke & Genussmittel","False","https://img.rewe-static.de/2101187/24927621_digital-image.png"
"Peroni Nastro Azzurro 0,33l","NA","8008440212061","1.19","0,33l (1 l = 3,61 €)","Getränke & Genussmittel","False","https://img.rewe-static.de/8707373/36777202_digital-image.png"
"Hohes C All-In-One Reload 0,85l","Hohes C","4048517757228","2.49","0,85l (1 l = 2,93 €)","Getränke & Genussmittel","False","https://img.rewe-static.de/9099997/44075384_digital-image.png"
"REWE Bio Zitronenwürze 200ml","REWE Bio","4337256564328","0.69","200ml (1 l = 3,45 €)","Getränke & Genussmittel","False","https://img.rewe-static.de/8878368/39154376_digital-image.png"
"REWE Beste Wahl Früchte Punsch 1l","REWE Beste Wahl","4337256255509","1.59","1l","Getränke & Genussmittel","False","https://img.rewe-static.de/8071708/29817616_digital-image.png"
"Coca-Cola Zero Lemon 0,5l","Coca-Cola","5449000227553","1.29","0,50l (1 l = 2,58 €)","Getränke & Genussmittel","False","https://img.rewe-static.de/8748084/36927908_digital-image.png"
"Sizilia Express-Zitrone plus 100ml","Sizilia","40376806","0.69","100ml (1 l = 6,90 €)","Getränke & Genussmittel","False","https://img.rewe-static.de/2597446/2547050_digital-image.png"
"Lamberti Garda Rotwein Merlot trocken 0,75l","Lamberti","8000160616396","4.99","0,75l (1 l = 6,65 €)","Getränke & Genussmittel","False","https://img.rewe-static.de/9088508/44070699_digital-image.png"
"REWE Beste Wahl Pfirsichnektar 1l","REWE Beste Wahl","4337256656429","1.39","1l","Getränke & Genussmittel","False","https://img.rewe-static.de/9035240/42916403_digital-image.png"
"Vilsa Bio Leichte Limo Orange-Maracuja 0,75l","Vilsa","4104450004444","1.39","0,75l (1 l = 1,85 €)","Getränke & Genussmittel","False","https://img.rewe-static.de/8683452/38670076_digital-image.png"
"Vilsa Bio Leichte Limo Trübe Zitrone 0,75l","Vilsa","4104450004437","1.39","0,75l (1 l = 1,85 €)","Getränke & Genussmittel","False","https://img.rewe-static.de/7803950/42865555_digital-image.png"
"REWE to go Smoothie Erdbeer Banane 0,75l","REWE to go","4337256621779","2.49","750ml (1 l = 3,32 €)","Getränke & Genussmittel","False","https://img.rewe-static.de/8917279/38936001_digital-image.png"
"Volvic Mineralwasser Naturelle 6x1l","Volvic","3057640183928","5.94","6x1l (1 l = 0,99 €)","Getränke & Genussmittel","False","https://img.rewe-static.de/6738770/2901470_digital-image.png"
"Fürst Bismarck Mineralwasser Still 12x0,75l","Fürst Bismarck","4102380502764","5.49","12x0,75l (1 l = 0,61 €)","Getränke & Genussmittel","False","https://img.rewe-static.de/8016195/31231124_digital-image.png"
"Effect Energy Drink 0,33l","Effect","4025127020997","0.79","0,33l (1 l = 2,39 €)","Getränke & Genussmittel","True","https://img.rewe-static.de/0546404/4964510_digital-image.png"
"REWE Beste Wahl Ananassaft 1l","REWE Beste Wahl","4388860210682","2.99","1l","Getränke & Genussmittel","False","https://img.rewe-static.de/0689156/22656917_digital-image.png"
"REWE Beste Wahl Bitter Lemon 1l","REWE Beste Wahl","4388860278194","0.89","1l","Getränke & Genussmittel","False","https://img.rewe-static.de/2149319/23245341_digital-image.png"
"Vitamin Well Prepare Erfrischungsgetränk 0,5l","Vitamin Well","4260287182455","1.99","0,50l (1 l = 3,98 €)","Getränke & Genussmittel","False","https://img.rewe-static.de/9088921/43329544_digital-image.png"
"Corona Mexican Beer 0,355l","Corona","75033927","1.59","355ml (1 l = 4,48 €)","Getränke & Genussmittel","False","https://img.rewe-static.de/1306568/26274642_digital-image.png"
"Nicolas Napoléon Muscat Rose 0,2l","Nicolas Napoléon","3211200191154","2.49","0,20l (1 l = 12,45 €)","Getränke & Genussmittel","False","https://img.rewe-static.de/4928563/6918130_digital-image.png"
"Carlsberg Beer 0,33l","Carlsberg","5740600510602","1.19","0,33l (1 l = 3,61 €)","Getränke & Genussmittel","False","https://img.rewe-static.de/3417760/27361090_digital-image.png"
"Vilsa Apfel Schorle 0,75l","Vilsa","4104450005601","1.19","0,75l (1 l = 1,59 €)","Getränke & Genussmittel","False","https://img.rewe-static.de/0898410/8138470_digital-image.png"
"Sprite Zero 0,33l","Sprite","5000112636420","0.99","0,33l (1 l = 3 €)","Getränke & Genussmittel","False","https://img.rewe-static.de/8963076/39858414_digital-image.png"
"Dr. Pepper Vanilla Float 0,33l","Dr Pepper","4000140714757","0.79","0,33l (1 l = 2,39 €)","Getränke & Genussmittel","True","https://img.rewe-static.de/8770512/37035103_digital-image.png"
"Red Bull Energy Drink Red Edition Wassermelone 0,25l","Red Bull","90435973","0.95","0,25l (1 l = 3,80 €)","Getränke & Genussmittel","True","https://img.rewe-static.de/8387299/30695186_digital-image.png"
"Dr. Pepper Cherry 0,33l","Dr Pepper","4000140702846","0.79","0,33l (1 l = 2,39 €)","Getränke & Genussmittel","True","https://img.rewe-static.de/2712363/25946117_digital-image.png"
"Innocent Smoothie Mango Maracuja und Apfel 250ml","Innocent","5038862236942","2.29","250ml (1 l = 9,16 €)","Getränke & Genussmittel","False","https://img.rewe-static.de/8642955/33646557_digital-image.png"
"Hohes C Antiox Water Cassis Minze Wasser mit Geschmack 0,75l","Hohes C","4048517713217","1.29","0,75l (1 l = 1,72 €)","Getränke & Genussmittel","False","https://img.rewe-static.de/8724608/35130633_digital-image.png"
"Grauburgunder Weißwein Kalkstein trocken 0,75l","NA","4002287016220","5.49","0,75l (1 l = 7,32 €)","Getränke & Genussmittel","False","https://img.rewe-static.de/2453174/39819992_digital-image.png"
"Active O2 Apfel-Kiwi 0,75l","Adelholzener","4005906274650","1.19","0,75l (1 l = 1,59 €)","Getränke & Genussmittel","False","https://img.rewe-static.de/0475447/9415810_digital-image.png"
"Coca-Cola Zero koffeinfrei 1,5l","Coca-Cola","5000112594041","1.19","1,50l (1 l = 0,79 €)","Getränke & Genussmittel","True","https://img.rewe-static.de/1488518/27561906_digital-image.png"
"Monster Energy Ultra White 0,5l","Monster","5060337500401","1.49","0,50l (1 l = 2,98 €)","Getränke & Genussmittel","False","https://img.rewe-static.de/2729422/24972656_digital-image.png"
"Monster Energy Ultra Zero Zucker 4x0,5l","Monster","5060517884437","4.99","4x0,50l (1 l = 2,50 €)","Getränke & Genussmittel","False","https://img.rewe-static.de/7285269/33964274_digital-image.png"
"Coca-Cola light taste 12x1l","Coca-Cola","5449000017970","15.99","12x1l (1 l = 1,33 €)","Getränke & Genussmittel","False","https://img.rewe-static.de/8002657/904550_digital-image.png"
"Evian Mineralwasser Still 1,5l","Evian","3068320126135","1.19","1,50l (1 l = 0,79 €)","Getränke & Genussmittel","False","https://img.rewe-static.de/8559076/33053010_digital-image.png"
"Fürst Bismarck Mineralwasser Classic 12x0,75l","Fürst Bismarck","4102380502702","5.49","12x0,75l (1 l = 0,61 €)","Getränke & Genussmittel","False","https://img.rewe-static.de/8406785/31548824_digital-image.png"
"Hella Himbeer 6x1,5l","Hella","4102380029100","7.74","6x1,50l (1 l = 0,86 €)","Getränke & Genussmittel","False","https://img.rewe-static.de/1111856/22770973_digital-image.png"
"Hella Wassermelone 0,75l","Hella","4102380041980","0.49","0,75l (1 l = 0,65 €)","Getränke & Genussmittel","True","https://img.rewe-static.de/7701836/38564857_digital-image.png"
"Hella Kirsche 6x1,5l","Hella","4102380026154","7.74","6x1,50l (1 l = 0,86 €)","Getränke & Genussmittel","False","https://img.rewe-static.de/0338327/22828785_digital-image.png"
"Pepsi Zero Zucker 6x0,5l","Pepsi","4062139002221","7.14","6x0,50l (1 l = 2,38 €)","Getränke & Genussmittel","False","https://img.rewe-static.de/7935981/32808103_digital-image.png"
"Powerade Sports Mountain Blast Zero 0,5l","Powerade","5000112512656","1.39","0,50l (1 l = 2,78 €)","Getränke & Genussmittel","False","https://img.rewe-static.de/7701661/38701148_digital-image.png"
"Bullit Energy Drink 0,33l","Bullit","4388441118109","0.39","0,33l (1 l = 1,18 €)","Getränke & Genussmittel","False","https://img.rewe-static.de/2384048/23874655_digital-image.png"
"La Gioiosa Bianco Frizzante 0,75l","La Gioiosa","8006805152687","3.59","0,75l (1 l = 4,79 €)","Getränke & Genussmittel","False","https://img.rewe-static.de/0925777/6125740_digital-image.png"
"REWE Beste Wahl Aqua Mia Plus Kirsche 6x0,75l","REWE Beste Wahl","4337256253451","4.14","6x0,75l (1 l = 0,92 €)","Getränke & Genussmittel","False","https://img.rewe-static.de/8629770/35027412_digital-image.png"
"Rotkäppchen Fruchtsecco Sauerkirsche 0,75l","Rotkäppchen-Mumm","4014741680014","4.99","0,75l (1 l = 6,65 €)","Getränke & Genussmittel","False","https://img.rewe-static.de/8382849/30617522_digital-image.png"
"Hella Medium 6x1,5l","Hella","4102380025683","4.74","6x1,50l (1 l = 0,53 €)","Getränke & Genussmittel","False","https://img.rewe-static.de/0053657/22820461_digital-image.png"
"Innocent Direktsaft Ananas, Erdbeere & Apfel 900ml","Innocent","5038862003551","3.49","900ml (1 l = 3,88 €)","Getränke & Genussmittel","False","https://img.rewe-static.de/9071421/42986176_digital-image.png"
"Schweppes Original Wild Berry Zero 1l","Schweppes","4000140713576","2.19","1l","Getränke & Genussmittel","False","https://img.rewe-static.de/8560078/32803079_digital-image.png"
"Marathon Iso Fitnessdrink 6x0,5l","Marathon","4388440051896","2.34","6x0,50l (1 l = 0,78 €)","Getränke & Genussmittel","False","https://img.rewe-static.de/0517534/9360510_digital-image.png"
"Hella Mineralwasser Classic 6x1,5l","Hella","4102380025669","4.74","6x1,50l (1 l = 0,53 €)","Getränke & Genussmittel","False","https://img.rewe-static.de/0053656/22820281_digital-image.png"
"REWE Beste Wahl Eistee Zitrone-Limette 6x0,5l","REWE Beste Wahl","4337256176408","3.3","6x0,50l (1 l = 1,10 €)","Getränke & Genussmittel","False","https://img.rewe-static.de/7947113/36719484_digital-image.png"
"SilberQuelle 10 Vitamine 6x1,5l","SilberQuelle","9010800907134","8.94","6x1,50l (1 l = 0,99 €)","Getränke & Genussmittel","False","https://img.rewe-static.de/0484129/22479493_digital-image.png"
"REWE Bio Tomaten-Gemüsesaft 1l","REWE Bio","4337256786201","1.69","1l","Getränke & Genussmittel","False","https://img.rewe-static.de/7604192/42309119_digital-image.png"
"REWE Beste Wahl Ginger Ale 1l","REWE Beste Wahl","4388860586084","0.89","1l","Getränke & Genussmittel","False","https://img.rewe-static.de/2149327/23245339_digital-image.png"
"More Zerup Capri Orange 75ml","NA","4260644047724","5.99","65ml (1 l = 92,15 €)","Getränke & Genussmittel","False","https://img.rewe-static.de/7681238/43597167_digital-image.png"
"REWE Water+ Himbeer-Grapefruit 0,5l","REWE","4337256724500","0.99","0,50l (1 l = 1,98 €)","Getränke & Genussmittel","False","https://img.rewe-static.de/7629527/43204359_digital-image.png"
"Fanta Orange 1l","Fanta","5449000017918","1.69","1l","Getränke & Genussmittel","False","https://img.rewe-static.de/8002738/7445940_digital-image.png"
"Mio Mio Mate 0,5l","Mio Mio","4002846034504","1.09","0,50l (1 l = 2,18 €)","Getränke & Genussmittel","False","https://img.rewe-static.de/1435107/22246064_digital-image.png"
"Rotwild Rotwein Dornfelder QbA halbtrocken 0,25l","Rotwild","4003301025952","1.49","0,25l (1 l = 5,96 €)","Getränke & Genussmittel","False","https://img.rewe-static.de/0058898/765050_digital-image.png"
"Innocent Direktsaft Winter Edition Apfel, Pfirsich & Birne 0,9l","Innocent","5038862008563","3.49","900ml (1 l = 3,88 €)","Getränke & Genussmittel","False","https://img.rewe-static.de/9974728/44962444_digital-image.png"
"REWE Beste Wahl Tonic Water 1l","REWE Beste Wahl","4388860289350","0.89","1l","Getränke & Genussmittel","False","https://img.rewe-static.de/2424785/24062686_digital-image.png"
"Monster Energy The Doctor 0,5l","Monster","5060335635266","1.49","0,50l (1 l = 2,98 €)","Getränke & Genussmittel","False","https://img.rewe-static.de/2202552/22720312_digital-image.png"
"Deit Orange zuckerfrei 0,75l","Deit","4019313006025","1.19","0,75l (1 l = 1,59 €)","Getränke & Genussmittel","False","https://img.rewe-static.de/0574150/2775090_digital-image.png"
"REWE Water+ Apfel Kiwi 0,5l","REWE","4337256736510","0.99","0,50l (1 l = 1,98 €)","Getränke & Genussmittel","False","https://img.rewe-static.de/9013548/43204325_digital-image.png"
"Söhnlein Brillant Sekt Rosé 0,75l","Söhnlein Brillant","4003310013681","4.29","0,75l (1 l = 5,72 €)","Getränke & Genussmittel","False","https://img.rewe-static.de/0264158/2005910_digital-image.png"
"Hella Kirsche 1,5l","Hella","4102380026147","1.29","1,50l (1 l = 0,86 €)","Getränke & Genussmittel","False","https://img.rewe-static.de/0340099/9397720_digital-image.png"
"Monster Energy Assault 0,5l","Monster","5060335635235","1.49","0,50l (1 l = 2,98 €)","Getränke & Genussmittel","False","https://img.rewe-static.de/1236419/15424140_digital-image.png"
"Wappenlese Weißwein lieblich 1l","Wappenlese","4337256747257","1.39","1l","Getränke & Genussmittel","False","https://img.rewe-static.de/1497023/21036450_digital-image.png"
"Hella Pfirsich 1,5l","Hella","4102380027861","1.29","1,50l (1 l = 0,86 €)","Getränke & Genussmittel","False","https://img.rewe-static.de/1077064/9677140_digital-image.png"
"San Pellegrino Mineralwasser Medium 6x0,5l","San Pellegrino","8002270041853","3.54","6x0,50l (1 l = 1,18 €)","Getränke & Genussmittel","False","https://img.rewe-static.de/0022685/7217130_digital-image.png"
"La Gioiosa Rosato Frizzante 0,75l","La Gioiosa","8006805058019","3.59","0,75l (1 l = 4,79 €)","Getränke & Genussmittel","False","https://img.rewe-static.de/0332639/2152060_digital-image.png"
"Active O2 Himbeer-Cranberry 0,75l","Adelholzener","4005906004103","1.19","0,75l (1 l = 1,59 €)","Getränke & Genussmittel","False","https://img.rewe-static.de/0524896/7444360_digital-image.png"
"Rotkäppchen Weinzeit! Weißwein lieblich 0,75l","Rotkäppchen-Mumm","4014741787119","4.49","0,75l (1 l = 5,99 €)","Getränke & Genussmittel","False","https://img.rewe-static.de/8530007/33206971_digital-image.png"
"Freixenet Rosé Mederano Rosado halbtrocken 0,75l","Freixenet","8410384004761","4.49","0,75l (1 l = 5,99 €)","Getränke & Genussmittel","False","https://img.rewe-static.de/3158055/1770860_digital-image.png"
"Deit Tropische Früchte zuckerfrei 0,75l","Deit","4019313006414","1.19","0,75l (1 l = 1,59 €)","Getränke & Genussmittel","False","https://img.rewe-static.de/2877782/28043748_digital-image.png"
"Afri Cola ohne Zucker 1l","Afri Cola","4009228250330","1.29","1l","Getränke & Genussmittel","False","https://img.rewe-static.de/2331296/23518169_digital-image.png"
"Deit Zitrone trüb zuckerfrei 0,75l","Deit","4019313006032","1.19","0,75l (1 l = 1,59 €)","Getränke & Genussmittel","False","https://img.rewe-static.de/0574152/40587930_digital-image.png"
"Paulaner Spezi Zero 0,5l","Paulaner","4066600204404","1.09","0,50l (1 l = 2,18 €)","Getränke & Genussmittel","False","https://img.rewe-static.de/7824976/35288636_digital-image.png"
"Active O2 Orange-Guave 0,75l","Adelholzener","4005906274704","1.19","0,75l (1 l = 1,59 €)","Getränke & Genussmittel","False","https://img.rewe-static.de/0475445/3324020_digital-image.png"
"Coca-Cola 1l","Coca-Cola","5000112638837","1.79","1l","Getränke & Genussmittel","False","https://img.rewe-static.de/8214102/30826451_digital-image.png"
"Deit Pink Grapefruit 6x0,75l","Deit","4019313006391","7.14","6x0,75l (1 l = 1,59 €)","Getränke & Genussmittel","False","https://img.rewe-static.de/1440206/22591072_digital-image.png"
"Bitburger Helles Lagerbier glutenfrei 6x0,33l","Bitburger","4102430072766","6.49","6x0,33l (1 l = 3,28 €)","Getränke & Genussmittel","False","https://img.rewe-static.de/3572529/30714011_digital-image.png"
"Deit Johannisbeere Blutorange 1l","Deit","4104450003027","1.29","1l","Getränke & Genussmittel","False","https://img.rewe-static.de/7253992/31077008_digital-image.png"
"Fanta Orange 2l","Fanta","5000112547498","2.19","2l (1 l = 1,10 €)","Getränke & Genussmittel","False","https://img.rewe-static.de/6729584/1326490_digital-image.png"
"Beck's Gold 24x0,33l","Beck's","4100130000515","18.79","24x0,33l (1 l = 2,37 €)","Getränke & Genussmittel","False","https://img.rewe-static.de/4111966/878610_digital-image.png"
"Sinalco Cola 1,25l","Sinalco","4018715002840","1.09","1,25l (1 l = 0,87 €)","Getränke & Genussmittel","False","https://img.rewe-static.de/0064838/2879470_digital-image.png"
"Hella Naturell 6x0,75l","Hella","4102380027007","3.54","6x0,75l (1 l = 0,79 €)","Getränke & Genussmittel","False","https://img.rewe-static.de/0341605/3121950_digital-image.png"
"Mezzo Mix 1l","Mezzo Mix","5449000017956","1.69","1l","Getränke & Genussmittel","False","https://img.rewe-static.de/8029083/7446000_digital-image.png"
"Württemberg Süß und Fruchtig Weißwein Riesling QbA 0,75l","Weingut Klundt","4006840758558","4.99","0,75l (1 l = 6,65 €)","Getränke & Genussmittel","False","https://img.rewe-static.de/0617358/3723580_digital-image.png"
"Alstertaler Mineralwasser Medium 12x0,7l","NA","4001228111178","3.79","12x0,70l (1 l = 0,45 €)","Getränke & Genussmittel","False","https://img.rewe-static.de/1092504/23357444_digital-image.png"
"Rotkäppchen Rotwein Merlot-Regent trocken Qualitätswein 0,75l","Rotkäppchen-Mumm","4014741380815","4.49","0,75l (1 l = 5,99 €)","Getränke & Genussmittel","False","https://img.rewe-static.de/7937904/32489271_digital-image.png"
"François Dulac Rotwein Pays D'oc trocken 1l","Francois Dulac","3263286316266","3.99","1l","Getränke & Genussmittel","False","https://img.rewe-static.de/5786819/1802660_digital-image.png"
"Vilsa Apfel Waldbeere 0,75l","Vilsa","4104450005984","1.19","0,75l (1 l = 1,59 €)","Getränke & Genussmittel","False","https://img.rewe-static.de/0531590/5218920_digital-image.png"
"Vilsa Bio Leichte Limo Blaubeere vegan 0,75l","Vilsa","4104450004413","1.39","0,75l (1 l = 1,85 €)","Getränke & Genussmittel","False","https://img.rewe-static.de/7839543/38670074_digital-image.png"
"Aquintéll Lemon 1l","Aquintéll","4018715000525","0.65","1l","Getränke & Genussmittel","False","https://img.rewe-static.de/4700970/26302150_digital-image.png"
"Lütauer Apfelsaft klar 0,7l","NA","4034025000024","1.69","0,70l (1 l = 2,41 €)","Getränke & Genussmittel","False","https://img.rewe-static.de/1195680/28309177_digital-image.png"
"Mineau Mineralwasser Classic 1l","Mineau","4010491004308","0.59","1l","Getränke & Genussmittel","False","https://img.rewe-static.de/5913500/23602045_digital-image.png"
"NordQuell Mineralwasser Classic 1l","NordQuell","4102380042970","0.55","1l","Getränke & Genussmittel","False","https://img.rewe-static.de/9089869/45538584_digital-image.png"
"NordQuell Mineralwasser Medium 1l","NordQuell","4102380043007","0.55","1l","Getränke & Genussmittel","False","https://img.rewe-static.de/9092673/45540209_digital-image.png"
"Antica Sambuca Classic 0,7l","Antica Sambuca","8004747005535","15.99","0,70l (1 l = 22,84 €)","Getränke & Genussmittel","False","https://img.rewe-static.de/2181969/23107527_digital-image.png"
"Vio Bio Limo Zitrone-Limette 4x1l","Vio","5449000146564","7.16","4x1l (1 l = 1,79 €)","Getränke & Genussmittel","False","https://img.rewe-static.de/2455436/24303533_digital-image.png"
"Flensburger Radler alkoholfrei 0,33l","Flensburger","42354734","1.09","0,33l (1 l = 3,30 €)","Getränke & Genussmittel","False","https://img.rewe-static.de/7219494/32429034_digital-image.png"
"Light live Rotwein alkoholfrei 0,75l","Light Live","4001744024532","3.79","0,75l (1 l = 5,05 €)","Getränke & Genussmittel","False","https://img.rewe-static.de/8673195/7869560_digital-image.png"
"Coca-Cola 0,5l","Coca-Cola","5000112548068","1.29","0,50l (1 l = 2,58 €)","Getränke & Genussmittel","False","https://img.rewe-static.de/0734457/24847371_digital-image.png"
"Flensburger Pilsener 20x0,33l","Flensburger","4103080000116","16.49","20x0,33l (1 l = 2,50 €)","Getränke & Genussmittel","False","https://img.rewe-static.de/0669938/1650710_digital-image.png"
"REWE to go Ingwer Shot mit Apfel und Zitrone 60ml","REWE to go","42258926","1.49","60ml (1 l = 24,83 €)","Getränke & Genussmittel","False","https://img.rewe-static.de/8071885/29657036_digital-image.png"
"Paulaner Hefe-Weißbier Naturtrüb 0,5l","Paulaner","4066600641964","1.29","0,50l (1 l = 2,58 €)","Getränke & Genussmittel","False","https://img.rewe-static.de/1076566/6614260_digital-image.png"
"Tymbark Apfel Kirsch Getränk 0,5l","Tymbark","4032549021204","1.19","0,50l (1 l = 2,38 €)","Getränke & Genussmittel","False","https://img.rewe-static.de/8233376/29036436_digital-image.png"
"Doppio Passo Rosé Puglia Primitivo halbtrocken 0,75l","NA","4002859121130","7.99","0,75l (1 l = 10,65 €)","Getränke & Genussmittel","False","https://img.rewe-static.de/3058038/26943785_digital-image.png"
"Coca-Cola Cherry 1l","Coca-Cola","5449000000897","1.69","1l","Getränke & Genussmittel","False","https://img.rewe-static.de/7007329/904570_digital-image.png"
"granini Selection Guave-Drachenfrucht Fruchtsaftgetränk 0,75l","Granini","4048517714658","2.29","0,75l (1 l = 3,05 €)","Getränke & Genussmittel","False","https://img.rewe-static.de/8737426/35845526_digital-image.png"
"Gerolsteiner Medium 6x0,75l","Gerolsteiner","4001513102249","5.1","6x0,75l (1 l = 1,13 €)","Getränke & Genussmittel","False","https://img.rewe-static.de/0699766/39644620_digital-image.png"
"Monster Energy Lewis Hamilton 0,5l","Monster","5060896625829","1.49","0,50l (1 l = 2,98 €)","Getränke & Genussmittel","False","https://img.rewe-static.de/8876778/39283653_digital-image.png"
"Erdinger Weißbier alkoholfrei 6x0,33l","Erdinger","4002103249917","5.49","6x0,33l (1 l = 2,77 €)","Getränke & Genussmittel","False","https://img.rewe-static.de/0914937/7624570_digital-image.png"
"Coca-Cola 6x1l","Coca-Cola","5000112638813","9.99","6x1l (1 l = 1,67 €)","Getränke & Genussmittel","False","https://img.rewe-static.de/8213311/28971592_digital-image.png"
"Monster Energy Juiced Monarch 0,5l","Monster","5060751212393","1.49","0,50l (1 l = 2,98 €)","Getränke & Genussmittel","False","https://img.rewe-static.de/8552327/33182703_digital-image.png"
"Vöslauer Schwarze Johannisbeere 6x1l","Vöslauer","9009700212738","5.34","6x1l (1 l = 0,89 €)","Getränke & Genussmittel","False","https://img.rewe-static.de/7703205/39361789_digital-image.png"
"Granini Fresh Kirsche 0,75l","Granini","4048517733406","1.59","0,75l (1 l = 2,12 €)","Getränke & Genussmittel","False","https://img.rewe-static.de/8929132/39005147_digital-image.png"
"Rotkäppchen Sekt Rosé trocken 0,2l","Rotkäppchen-Mumm","4014741003844","1.59","0,20l (1 l = 7,95 €)","Getränke & Genussmittel","False","https://img.rewe-static.de/0127369/1457780_digital-image.png"
"Hella Mineralwasser Classic 1,5l","Hella","4102380025676","0.79","1,50l (1 l = 0,53 €)","Getränke & Genussmittel","False","https://img.rewe-static.de/0053579/1579570_digital-image.png"
"Volvic Recharge Vitamin+ Himbeere 6x0,75l","Volvic","3057640599088","10.14","6x0,75l (1 l = 2,25 €)","Getränke & Genussmittel","False","https://img.rewe-static.de/9083206/43599280_digital-image.png"
"Fürst von Metternich Riesling Sekt trocken 0,75l","Fürst von Metternich","4003310112001","8.99","0,75l (1 l = 11,99 €)","Getränke & Genussmittel","False","https://img.rewe-static.de/0195090/5462510_digital-image.png"
"Erdinger Grapefruit Alkoholfrei 6x0,33l","Erdinger","4002103297536","5.49","6x0,33l (1 l = 2,77 €)","Getränke & Genussmittel","False","https://img.rewe-static.de/3155990/27701281_digital-image.png"
"Schweppes Ginger Ale 1,25l","Schweppes","4000140700170","1.49","1,25l (1 l = 1,19 €)","Getränke & Genussmittel","True","https://img.rewe-static.de/0106502/9416950_digital-image.png"
"Pfanner Der Weiße Tee Zitrone-Holunderblüte 2l","Pfanner","9006900212131","1.99","2l (1 l = 1 €)","Getränke & Genussmittel","False","https://img.rewe-static.de/1307566/20340035_digital-image.png"
"Maximal G Energy Drink 0,25l","Maximal G","4337256398480","0.75","0,25l (1 l = 3 €)","Getränke & Genussmittel","False","https://img.rewe-static.de/2472674/24679973_digital-image.png"
"Le Filou Rotwein Terres du midi trocken 0,75l","Le Filou","3120581456588","3.99","0,75l (1 l = 5,32 €)","Getränke & Genussmittel","False","https://img.rewe-static.de/8439849/31101797_digital-image.png"
"Rietburger Rotwein Dornfelder QbA halbtrocken 0,75l","Rietburg","4006975021077","4.69","0,75l (1 l = 6,25 €)","Getränke & Genussmittel","False","https://img.rewe-static.de/6474837/3032870_digital-image.png"
"Vitamalz Malztrunk 0,33l","Holsten","4001568200525","0.79","0,33l (1 l = 2,39 €)","Getränke & Genussmittel","False","https://img.rewe-static.de/9455809/26269216_digital-image.png"
"Hella Wellness Birne-Mango 0,75l","Hella","4102380028752","0.79","0,75l (1 l = 1,05 €)","Getränke & Genussmittel","False","https://img.rewe-static.de/0903499/10990840_digital-image.png"
"Hella Kirsche 6x0,75l","Hella","4102380027090","2.94","6x0,75l (1 l = 0,65 €)","Getränke & Genussmittel","True","https://img.rewe-static.de/0344642/9778290_digital-image.png"
"Nicolas Napoléon Muscat Rosé 0,75l","Nicolas Napoléon","3211200191123","5.99","0,75l (1 l = 7,99 €)","Getränke & Genussmittel","False","https://img.rewe-static.de/3646742/3310820_digital-image.png"
"Kleiner Feigling Kirsch-Banana Likör 0,5l","Kleiner Feigling","4004752256667","7.99","0,50l (1 l = 15,98 €)","Getränke & Genussmittel","False","https://img.rewe-static.de/3382519/31133204_digital-image.png"
"Nicolas Napoléon Muscat Blanc 0,75l","Nicolas Napoléon","3211200191185","5.99","0,75l (1 l = 7,99 €)","Getränke & Genussmittel","False","https://img.rewe-static.de/3646726/1753860_digital-image.png"
"REWE Bio Limettensaft 250ml","REWE Bio","4388860159530","1.89","250ml (1 l = 7,56 €)","Getränke & Genussmittel","False","https://img.rewe-static.de/7237532/28148091_digital-image.png"
"Dornfelder Rotwein QbA halbtrocken 0,75l","Dornfelder","4337256757218","2.49","0,75l (1 l = 3,32 €)","Getränke & Genussmittel","False","https://img.rewe-static.de/4272161/2699870_digital-image.png"
"Heineken 0,0% alkoholfrei 6x0,33l","Heineken","8712000050122","6.29","6x0,33l (1 l = 3,18 €)","Getränke & Genussmittel","False","https://img.rewe-static.de/3155899/35786324_digital-image.png"
"Doppio Passo Rotwein Primitivo halbtrocken 0,75l","NA","4002859120799","7.99","0,75l (1 l = 10,65 €)","Getränke & Genussmittel","False","https://img.rewe-static.de/7848750/33308656_digital-image.png"
"Hitchcock Limettensaft 100% Direktsaft 0,2l","Hitchcock","4009491088616","1.59","0,20l (1 l = 7,95 €)","Getränke & Genussmittel","False","https://img.rewe-static.de/8466025/1803830_digital-image.png"
"True Fruits Smoothie pink 250ml","True Fruits","4260122390038","2.79","250ml (1 l = 11,16 €)","Getränke & Genussmittel","False","https://img.rewe-static.de/0119483/3063020_digital-image.png"
"Kithara Ouzo 0,7l","Kithara","4337256124997","6.99","0,70l (1 l = 9,99 €)","Getränke & Genussmittel","False","https://img.rewe-static.de/8491584/32879900_digital-image.png"
"Bundaberg Ginger Brew alkoholfrei 0,33l","Bundaberg","9311493002985","1.69","0,33l (1 l = 5,12 €)","Getränke & Genussmittel","False","https://img.rewe-static.de/2712591/25119769_digital-image.png"
"Baileys Original 0,7l","Baileys","5011013100156","12.99","0,70l (1 l = 18,56 €)","Getränke & Genussmittel","False","https://img.rewe-static.de/1081977/3004730_digital-image.png"
"Monster Energy Ultra Paradise Zero 0,5l","Monster","5060639126897","1.49","0,50l (1 l = 2,98 €)","Getränke & Genussmittel","False","https://img.rewe-static.de/8404318/30826615_digital-image.png"
"REWE Bio Smoothie Meal yellow 250ml","REWE Bio","4337256786805","1.99","250ml (1 l = 7,96 €)","Getränke & Genussmittel","False","https://img.rewe-static.de/7602301/42682900_digital-image.png"
"Monster Energy 0,5l","Monster","5060335635228","1.49","0,50l (1 l = 2,98 €)","Getränke & Genussmittel","False","https://img.rewe-static.de/1024770/8224380_digital-image.png"
"Blanchet Rotwein Rouge de France trocken 0,75l","Blanchet","4001731763994","2.99","0,75l (1 l = 3,99 €)","Getränke & Genussmittel","True","https://img.rewe-static.de/0324937/2704150_digital-image.png"
"Granini Fresh Maracuja 0,75l","Granini","4048517733246","1.59","0,75l (1 l = 2,12 €)","Getränke & Genussmittel","False","https://img.rewe-static.de/7685533/39004928_digital-image.png"
"Maybach Weißwein Riesling QbA trocken 0,25l","Maybach","4062073002585","1.49","0,25l (1 l = 5,96 €)","Getränke & Genussmittel","False","https://img.rewe-static.de/8563636/37035061_digital-image.png"
"REWE Beste Wahl Aqua Mia Still 0,75l","REWE Beste Wahl","4337256075770","0.29","0,75l (1 l = 0,39 €)","Getränke & Genussmittel","False","https://img.rewe-static.de/7292485/29023287_digital-image.png"
"Light Live Sparkling Rosé alkoholfrei 0,75l","Light Live","4001744049054","3.79","0,75l (1 l = 5,05 €)","Getränke & Genussmittel","False","https://img.rewe-static.de/0024889/6699340_digital-image.png"
"Volvic Juicy Sommerfrüchte 1l","Volvic","3057640447853","1.79","1l","Getränke & Genussmittel","False","https://img.rewe-static.de/2357358/29523784_digital-image.png"
"Havana Club Rum 0,7l","Havana Club","8501110088831","14.99","0,70l (1 l = 21,41 €)","Getränke & Genussmittel","False","https://img.rewe-static.de/7589723/43010917_digital-image.png"
"Volvic Juicy Berry 6x0,5l","Volvic","3057640429798","5.94","6x0,50l (1 l = 1,98 €)","Getränke & Genussmittel","False","https://img.rewe-static.de/1997643/22728325_digital-image.png"
"Bayreuther Brauhaus hell 0,5l","Bayreuther Brauhaus","40173894","1.09","0,50l (1 l = 2,18 €)","Getränke & Genussmittel","False","https://img.rewe-static.de/1190060/26276341_digital-image.png"
"Vilsa Limette 1l","Vilsa","4104450004383","0.99","1l","Getränke & Genussmittel","False","https://img.rewe-static.de/3987132/22712055_digital-image.png"
"Nürnberger Christkindles Markt Glühwein 1l","Gerstacker","4101080009801","4.49","1l","Getränke & Genussmittel","False","https://img.rewe-static.de/1051040/4783840_digital-image.png"
"Freixenet Rosé Sekt alkoholfrei 0,75l","Freixenet","8410384053073","6.49","0,75l (1 l = 8,65 €)","Getränke & Genussmittel","False","https://img.rewe-static.de/9139970/43683318_digital-image.png"
"Richtig Lecker Weißwein Sauvignon Blanc trocken 0,75l","NA","4002547175117","2.99","0,75l (1 l = 3,99 €)","Getränke & Genussmittel","False","https://img.rewe-static.de/8404602/30821251_digital-image.png"
"Chiemseer Hell 0,5l","Chiemseer","4260248223616","1.19","0,50l (1 l = 2,38 €)","Getränke & Genussmittel","False","https://img.rewe-static.de/0967849/21373537_digital-image.png"
"Vitamalz Sport Isotonisch 6x0,33l","Vitamalz","4001568703668","3.99","6x0,33l (1 l = 2,02 €)","Getränke & Genussmittel","False","https://img.rewe-static.de/8413898/31195624_digital-image.png"
"Freixenet Rotwein Mia Tinto halbtrocken 0,75l","Freixenet","8410384901275","4.49","0,75l (1 l = 5,99 €)","Getränke & Genussmittel","False","https://img.rewe-static.de/1102050/12086310_digital-image.png"
"Volvic Juicy Orange-Mango 1l","Volvic","3057640448423","1.79","1l","Getränke & Genussmittel","False","https://img.rewe-static.de/2357371/29523756_digital-image.png"
"Bree Rosé Fruity QbA lieblich 0,75l","Bree","4062073030274","5.49","0,75l (1 l = 7,32 €)","Getränke & Genussmittel","False","https://img.rewe-static.de/7744653/38672468_digital-image.png"
"Starnberger Brauhaus Starnberger Hell 0,5l","NA","4251253110015","1.19","0,50l (1 l = 2,38 €)","Getränke & Genussmittel","False","https://img.rewe-static.de/2964726/27012025_digital-image.png"
"Lambrusco Puglia Linea Vini Nero 0,75l","Lambrusco Puglia","8001929074716","2.89","0,75l (1 l = 3,85 €)","Getränke & Genussmittel","False","https://img.rewe-static.de/5811058/3194650_digital-image.png"
"Hella lemon 0,75l","Hella","4102380039147","0.59","0,75l (1 l = 0,79 €)","Getränke & Genussmittel","False","https://img.rewe-static.de/8399414/31042235_digital-image.png"
"Amecke Sanfte Säfte Mandarine-Orange 1l","Amecke","4005517004097","3.69","1l","Getränke & Genussmittel","False","https://img.rewe-static.de/0593395/20614134_digital-image.png"
"SilberQuelle Orange 1,5l","SilberQuelle","9010800903037","1.49","1,50l (1 l = 0,99 €)","Getränke & Genussmittel","False","https://img.rewe-static.de/0484146/1949700_digital-image.png"
"Schweppes Virgin Mojito alkoholfrei 6x1,25l","Schweppes","4000140714887","8.94","6x1,25l (1 l = 1,19 €)","Getränke & Genussmittel","True","https://img.rewe-static.de/8710246/36713164_digital-image.png"
"Vio Bio Limo Orange 0,5l","Vio","5449000146571","1.09","0,50l (1 l = 2,18 €)","Getränke & Genussmittel","False","https://img.rewe-static.de/2490042/24509030_digital-image.png"
"Moët & Chandon Champagner Impérial Brut 0,75l","Moët & Chandon","3185370729960","49.99","0,75l (1 l = 66,65 €)","Getränke & Genussmittel","False","https://img.rewe-static.de/3713407/2734370_digital-image.png"
"Granini Die Limo Kirsche Zitrone 1l","Granini","4048517758508","1.69","1l","Getränke & Genussmittel","False","https://img.rewe-static.de/9064073/42941060_digital-image.png"
"Granini Die Limo Zitrone & Limette 6x1l","Granini","4045145295115","10.14","6x1l (1 l = 1,69 €)","Getränke & Genussmittel","False","https://img.rewe-static.de/1903486/21340616_digital-image.png"
"Krombacher Radler alkoholfrei 0,0% 6x0,33l","Krombacher","4008287919769","4.79","6x0,33l (1 l = 2,42 €)","Getränke & Genussmittel","False","https://img.rewe-static.de/7253040/28307293_digital-image.png"
"Astra Kiezmische 6x0,33l","Astra","4101010007426","5.49","6x0,33l (1 l = 2,77 €)","Getränke & Genussmittel","False","https://img.rewe-static.de/3236164/26534124_digital-image.png"
"Heineken 28x0,25l","Heineken","8712000026554","20.49","28x0,25l (1 l = 2,93 €)","Getränke & Genussmittel","False","https://img.rewe-static.de/1443690/30786658_digital-image.png"
"Medinet Rotwein Rouge Vin de France halbtrocken 0,25l","Medinet","4001432019420","1.59","0,25l (1 l = 6,36 €)","Getränke & Genussmittel","False","https://img.rewe-static.de/0988129/15978850_digital-image.png"
"Silberquelle Orange 1,5l","SilberQuelle","9010800000095","1.49","1,50l (1 l = 0,99 €)","Getränke & Genussmittel","False","https://img.rewe-static.de/2118657/26012638_digital-image.png"
"Carlsberg Beer 6x0,33l","Carlsberg","5740600514204","6.49","6x0,33l (1 l = 3,28 €)","Getränke & Genussmittel","False","https://img.rewe-static.de/4072049/2136360_digital-image.png"
"Volvic Juicy Orange-Mango 0,5l","Volvic","3057640449093","0.99","0,50l (1 l = 1,98 €)","Getränke & Genussmittel","False","https://img.rewe-static.de/2293292/23964264_digital-image.png"
"Gerolsteiner Plus Zitrone 6x0,75l","Gerolsteiner","4001513099914","7.14","6x0,75l (1 l = 1,59 €)","Getränke & Genussmittel","False","https://img.rewe-static.de/8101872/29631002_digital-image.png"
"Güstrower Schlossquell Himbeer Brause 1,0l","Güstrower Schlossquell","4012750170175","0.95","1l","Getränke & Genussmittel","False","https://img.rewe-static.de/3040771/32403303_digital-image.png"
"Monster Energydrink Reserve Watermelon 0,5l","Monster","5060896628790","1.49","0,50l (1 l = 2,98 €)","Getränke & Genussmittel","False","https://img.rewe-static.de/7771756/38975362_digital-image.png"
"Beck's Red Holunder 6x0,33l","Beck's","4100130900273","4.69","6x0,33l (1 l = 2,37 €)","Getränke & Genussmittel","False","https://img.rewe-static.de/1115357/23379943_digital-image.png"
"Fürst Bismarck Mineralwasser Medium 0,5l","Fürst Bismarck","4102380500265","0.59","0,50l (1 l = 1,18 €)","Getränke & Genussmittel","False","https://img.rewe-static.de/1205205/38947192_digital-image.png"
"Jim Beam Lime Splash 330ml","Jim Beam","5060045582973","2.69","0,33l (1 l = 8,15 €)","Getränke & Genussmittel","False","https://img.rewe-static.de/1341550/21177933_digital-image.png"
"Veltins Biermix V+ Energy mit Guarana 0,33l","Veltins","4005249005386","0.99","0,33l (1 l = 3 €)","Getränke & Genussmittel","False","https://img.rewe-static.de/1406060/1503440_digital-image.png"
"Le Sweet Filou Rotwein Rouge Süß 0,75l","Le Sweet Filou","3263280119023","3.99","0,75l (1 l = 5,32 €)","Getränke & Genussmittel","False","https://img.rewe-static.de/0242195/2446920_digital-image.png"
"Rotkäppchen Weißwein Riesling trocken 0,75l","Rotkäppchen-Mumm","4014741380013","4.49","0,75l (1 l = 5,99 €)","Getränke & Genussmittel","False","https://img.rewe-static.de/0106642/9486290_digital-image.png"
"Heineken 0,0% alkoholfrei 0,33l","Heineken","8712000050139","1.29","0,33l (1 l = 3,91 €)","Getränke & Genussmittel","False","https://img.rewe-static.de/3155894/32237399_digital-image.png"
"Tyskie Gronie 0,5l","Tyskie","8716700016372","1.09","0,50l (1 l = 2,18 €)","Getränke & Genussmittel","False","https://img.rewe-static.de/1373983/21235496_digital-image.png"
"Flensburger Radler alkoholfrei 6x0,33l","Flensburger","4103080064125","4.99","6x0,33l (1 l = 2,52 €)","Getränke & Genussmittel","False","https://img.rewe-static.de/7216495/28307296_digital-image.png"
"Frische Brise Orangenlimonade 12x0,7l","Frische Brise","4102380502139","4.99","12x0,70l (1 l = 0,59 €)","Getränke & Genussmittel","False","https://img.rewe-static.de/0919934/3051780_digital-image.png"
"Krombacher Pils alkoholfrei 0,33l","Krombacher","4008287052527","0.99","0,33l (1 l = 3 €)","Getränke & Genussmittel","False","https://img.rewe-static.de/7062591/26283937_digital-image.png"
"Mönchshof Landbier 0,5l","Mönchshof","40821214","1.19","0,50l (1 l = 2,38 €)","Getränke & Genussmittel","False","https://img.rewe-static.de/0606146/23796266_digital-image.png"
"Nörten-Hardenberger Pils 30x0,33l","Nörten-Hardenberger","4069800585304","10.99","30x0,33l (1 l = 1,11 €)","Getränke & Genussmittel","False","https://img.rewe-static.de/5480477/3903820_digital-image.png"
"Süß & Fruchtig Rotwein Cuvée Qualitätswein süß 0,75l","NA","4006840092553","4.99","0,75l (1 l = 6,65 €)","Getränke & Genussmittel","False","https://img.rewe-static.de/7925348/32504300_digital-image.png"
"Freixenet Roséwein Mia Rosado halbtrocken 0,75l","Freixenet","8410384048055","4.49","0,75l (1 l = 5,99 €)","Getränke & Genussmittel","False","https://img.rewe-static.de/2123786/24008232_digital-image.png"
"Bacardi Carta Blanca Rum 0,7l","Bacardi","5010677012638","14.49","0,70l (1 l = 20,70 €)","Getränke & Genussmittel","False","https://img.rewe-static.de/0150614/2231280_digital-image.png"
"Biorebe Bio Weißwein Pinot Grigio trocken 0,75l","Biorebe","4003301055621","4.99","0,75l (1 l = 6,65 €)","Getränke & Genussmittel","False","https://img.rewe-static.de/2903348/27342107_digital-image.png"
"Scharlachberg Meisterspirituose 0,7l","Scharlachberg","4061800081206","7.49","0,70l (1 l = 10,70 €)","Getränke & Genussmittel","False","https://img.rewe-static.de/1945554/20990687_digital-image.png"
"Pracht Libelle Bio Weißwein Riesling trocken 0,75l","NA","4018300732015","4.99","0,75l (1 l = 6,65 €)","Getränke & Genussmittel","False","https://img.rewe-static.de/8691667/35285879_digital-image.png"
"Volvic Bio Hibiskus Tee 6x0,75l","Volvic","3057640518133","10.14","6x0,75l (1 l = 2,25 €)","Getränke & Genussmittel","False","https://img.rewe-static.de/8094097/29200565_digital-image.png"
"Erdinger Zitrone alkoholfrei 6x0,33l","Erdinger","4002103296959","5.49","6x0,33l (1 l = 2,77 €)","Getränke & Genussmittel","False","https://img.rewe-static.de/3155984/27701279_digital-image.png"
"Glenfiddich 12 Years 0,7l","Glenfiddich","5010327000176","32.99","0,70l (1 l = 47,13 €)","Getränke & Genussmittel","False","https://img.rewe-static.de/4205952/3129000_digital-image.png"
"Schweppes Original Wild Berry 1l","Schweppes","4000140700583","2.19","1l","Getränke & Genussmittel","False","https://img.rewe-static.de/0360391/7444960_digital-image.png"
"Gerolsteiner Medium 12x1l","Gerolsteiner","4001513098474","9.99","12x1l (1 l = 0,83 €)","Getränke & Genussmittel","False","https://img.rewe-static.de/5311667/38717462_digital-image.png"
"Gerolsteiner Naturell Still 6x1,5l","Gerolsteiner","4001513104120","5.94","6x1,50l (1 l = 0,66 €)","Getränke & Genussmittel","False","https://img.rewe-static.de/8642197/33899469_digital-image.png"
"REWE Beste Wahl Mango Nektar 1l","REWE Beste Wahl","4337256747004","1.69","1l","Getränke & Genussmittel","False","https://img.rewe-static.de/8744663/36221442_digital-image.png"
"Gerolsteiner Sprudel 12x1l","Gerolsteiner","4001513098467","9.99","12x1l (1 l = 0,83 €)","Getränke & Genussmittel","False","https://img.rewe-static.de/5312094/1370480_digital-image.png"
"Evian Mineralwasser Still 6x1,5l","Evian","3068320126142","7.14","6x1,50l (1 l = 0,79 €)","Getränke & Genussmittel","False","https://img.rewe-static.de/8556081/33053558_digital-image.png"
"Orangina 330ml","Orangina","4000140703881","0.79","0,33l (1 l = 2,39 €)","Getränke & Genussmittel","True","https://img.rewe-static.de/2098662/22390182_digital-image.png"
"REWE Beste Wahl Karottensaft mit Honig 0,5l","REWE Beste Wahl","4337256418683","0.99","0,50l (1 l = 1,98 €)","Getränke & Genussmittel","False","https://img.rewe-static.de/0875438/5891290_digital-image.png"
"Staatl. Fachingen Heilwasser Still 12x0,75l","Staatl. Fachingen","4101090000300","9.29","12x0,75l (1 l = 1,03 €)","Getränke & Genussmittel","False","https://img.rewe-static.de/5112036/3192060_digital-image.png"
"Gerolsteiner Naturell 12x1l","Gerolsteiner","4001513102508","9.99","12x1l (1 l = 0,83 €)","Getränke & Genussmittel","False","https://img.rewe-static.de/1392049/20290129_digital-image.png"
"Innocent Direktsaft Orange mit Fruchtfleisch 1350ml","Innocent","5038862430326","4.49","1350ml (1 l = 3,33 €)","Getränke & Genussmittel","False","https://img.rewe-static.de/8694380/33646566_digital-image.png"
"Mezzo Mix Berry Love 0,33l","Mezzo Mix","5000112677430","0.99","0,33l (1 l = 3 €)","Getränke & Genussmittel","False","https://img.rewe-static.de/9925261/47296712_digital-image.png"
"REWE Beste Wahl Orange-Mango-Ananas 1l","REWE Beste Wahl","4388860461558","2.39","1l","Getränke & Genussmittel","False","https://img.rewe-static.de/1389554/22606810_digital-image.png"
"Bitburger Pils 0,0% alkoholfrei 6x0,33l","Bitburger","4102430312411","4.79","6x0,33l (1 l = 2,42 €)","Getränke & Genussmittel","False","https://img.rewe-static.de/9757244/21037850_digital-image.png"
"REWE Bio Frühstücksdirektsaft 1l","REWE Bio","4337256773089","2.59","1l","Getränke & Genussmittel","False","https://img.rewe-static.de/7547590/42229033_digital-image.png"
"Innocent Direktsaft Orange mit Fruchtfleisch 900ml","Innocent","5038862430135","3.49","900ml (1 l = 3,88 €)","Getränke & Genussmittel","False","https://img.rewe-static.de/8638791/34330600_digital-image.png"
"Deit Orange 12x1l","Deit","4105490999752","8.49","12x1l (1 l = 0,71 €)","Getränke & Genussmittel","True","https://img.rewe-static.de/1328085/21172262_digital-image.png"
"True Fruits Smoothie triple green no. 1 750ml","True Fruits","4260122391073","3.49","750ml (1 l = 4,65 €)","Getränke & Genussmittel","True","https://img.rewe-static.de/2812812/25120742_digital-image.png"
"REWE Beste Wahl Scharfe Tomate 0,5l","REWE Beste Wahl","4337256426121","0.99","0,50l (1 l = 1,98 €)","Getränke & Genussmittel","False","https://img.rewe-static.de/0875433/5891200_digital-image.png"
"Pfanner Fruity Orange 1l","Pfanner","9006900228804","1.99","1l","Getränke & Genussmittel","False","https://img.rewe-static.de/9046223/42157490_digital-image.png"
"Freiherr von Schoenaich Sekt trocken 0,75l","Freiherr von Schoenaich","4388844102460","2.99","0,75l (1 l = 3,99 €)","Getränke & Genussmittel","False","https://img.rewe-static.de/3688194/3147270_digital-image.png"
"Kaliskaya Wodka super de Luxe 0,7l","Kaliskaya","4337256403962","7.59","0,70l (1 l = 10,84 €)","Getränke & Genussmittel","False","https://img.rewe-static.de/0091819/3955130_digital-image.png"
"Gönrgy Tropical Guave 0,5l","GÖNRGY","4262484620013","1.49","0,50l (1 l = 2,98 €)","Getränke & Genussmittel","False","https://img.rewe-static.de/9946346/45445571_digital-image.png"
"Vilsa Naturelle 12x1l","Vilsa","4104450124098","4.49","12x1l (1 l = 0,37 €)","Getränke & Genussmittel","True","https://img.rewe-static.de/2718219/38543144_digital-image.png"
"Gönrgy Pflaume Zimt 0,5l","GÖNRGY","4262484620037","1.49","0,50l (1 l = 2,98 €)","Getränke & Genussmittel","False","https://img.rewe-static.de/9945945/45445589_digital-image.png"
"Volvic Mineralwasser Naturelle 6x0,75l","Volvic","3057640240263","4.74","6x0,75l (1 l = 1,05 €)","Getränke & Genussmittel","False","https://img.rewe-static.de/2666088/24881904_digital-image.png"
"Pepsi Cola Zero Zucker 0,33l","Pepsi","4062139025114","0.89","0,33l (1 l = 2,70 €)","Getränke & Genussmittel","False","https://img.rewe-static.de/8539741/32763167_digital-image.png"
"REWE Beste Wahl Milder Multi 0,33l","REWE Beste Wahl","42228080","0.72","0,33l (1 l = 2,18 €)","Getränke & Genussmittel","False","https://img.rewe-static.de/8593925/34742066_digital-image.png"
"Coca-Cola 12x0,5l","Coca-Cola","5449000027337","15.48","12x0,50l (1 l = 2,58 €)","Getränke & Genussmittel","False","https://img.rewe-static.de/2833588/25366075_digital-image.png"
"Vita Coco Kokosnusswasser 1l","Vita Coco","898999000503","3.99","1l","Getränke & Genussmittel","False","https://img.rewe-static.de/8914889/39144678_digital-image.png"
"Durstlöscher Multivitamin 0,5l","Durstlöscher","4100060035076","0.85","0,50l (1 l = 1,70 €)","Getränke & Genussmittel","False","https://img.rewe-static.de/8831846/37167663_digital-image.png"
"Lipton Sparkling Ice Tea Zitrone ohne Zucker 0,33l","Lipton","4062139025077","0.99","0,33l (1 l = 3 €)","Getränke & Genussmittel","False","https://img.rewe-static.de/8537165/32743791_digital-image.png"
"Organics Fizzy Peach by Red Bull 330ml","Red Bull","9002490278953","0.95","0,33l (1 l = 2,88 €)","Getränke & Genussmittel","True","https://img.rewe-static.de/9908411/47200184_digital-image.png"
"Uludag Gazoz 0,33l","Uludag Gazoz","8690723162301","0.99","0,33l (1 l = 3 €)","Getränke & Genussmittel","False","https://img.rewe-static.de/1976889/22120082_digital-image.png"
"Rotbäckchen Das Original 0,7l","Rotbäckchen","4004194008404","3.49","0,70ml (1 l = 4,99 €)","Getränke & Genussmittel","False","https://img.rewe-static.de/0331671/1661850_digital-image.png"
"Bon Soir Rotwein trocken 1l","NA","4337256880145","2.29","1l","Getränke & Genussmittel","False","https://img.rewe-static.de/5430976/3822360_digital-image.png"
"Radeberger Pilsner 20x0,5l","Radeberger","4014388002026","16.99","20x0,50l (1 l = 1,70 €)","Getränke & Genussmittel","False","https://img.rewe-static.de/6575463/3082820_digital-image.png"
"Vilsa Classic 12x1l","Vilsa","4104450124074","4.49","12x1l (1 l = 0,37 €)","Getränke & Genussmittel","True","https://img.rewe-static.de/8188580/3265530_digital-image.png"
"REWE Bio Sauerkrautsaft mit Meersalz 0,5l","REWE Bio","4337256438964","1.29","0,50l (1 l = 2,58 €)","Getränke & Genussmittel","False","https://img.rewe-static.de/7185307/28936221_digital-image.png"
"Lipton Ice Tea Pfirsich Zero Zucker 6x1,25l","Lipton","4062139009985","11.34","6x1,25l (1 l = 1,51 €)","Getränke & Genussmittel","False","https://img.rewe-static.de/9059115/43256251_digital-image.png"
"True Fruits Smoothie triple violet 750ml","True Fruits","4260122392537","3.49","750ml (1 l = 4,65 €)","Getränke & Genussmittel","True","https://img.rewe-static.de/8995337/41071656_digital-image.png"
"Schwip Schwap 1,25l","Schwip Schwap","4062139025435","0.79","1,25l (1 l = 0,63 €)","Getränke & Genussmittel","True","https://img.rewe-static.de/9074466/43268208_digital-image.png"
"Morio Weißwein Muskat QbA lieblich 0,75l","NA","4337256852838","2.49","0,75l (1 l = 3,32 €)","Getränke & Genussmittel","False","https://img.rewe-static.de/7024290/2533530_digital-image.png"
"Jever Pilsener 20x0,5l","Jever","4008948113963","11.79","20x0,50l (1 l = 1,18 €)","Getränke & Genussmittel","True","https://img.rewe-static.de/5046009/1257440_digital-image.png"
"Krombacher Radler alkoholfrei 6x0,33l","Krombacher","4008287073669","4.79","6x0,33l (1 l = 2,42 €)","Getränke & Genussmittel","False","https://img.rewe-static.de/0359850/1687870_digital-image.png"
"Voelkel Bio Demeter Shot Ingwer & Kurkuma 280ml","Voelkel","4015533037429","3.99","0,28l (1 l = 14,25 €)","Getränke & Genussmittel","False","https://img.rewe-static.de/3597277/33383056_digital-image.png"
"REWE Bio Cassis Sirup 0,5l","REWE Bio","4337256245135","3.29","0,50l (1 l = 6,58 €)","Getränke & Genussmittel","False","https://img.rewe-static.de/1947712/22762038_digital-image.png"
"REWE Beste Wahl LaMate 0,33l","REWE Beste Wahl","4388844182981","0.75","0,33l (1 l = 2,27 €)","Getränke & Genussmittel","False","https://img.rewe-static.de/3230251/27661350_digital-image.png"
"True Fruits Smoothie green no. 1 250ml","True Fruits","4260122390892","2.79","250ml (1 l = 11,16 €)","Getränke & Genussmittel","False","https://img.rewe-static.de/2251958/23048432_digital-image.png"
"Hohes C Super Shots Immun 0,33l","Hohes C","4048517689802","2.49","0,33l (1 l = 7,55 €)","Getränke & Genussmittel","False","https://img.rewe-static.de/7895659/33363071_digital-image.png"
"REWE Bio Naturland Zitronen Erfrischungsgetränk 0,75l","REWE Bio","4337256413213","1.19","0,75l (1 l = 1,59 €)","Getränke & Genussmittel","False","https://img.rewe-static.de/7812629/36037535_digital-image.png"
"Black Forest Mineralwasser fein perlend 6x1l","Black Forest","4104760451945","4.2","6x1l (1 l = 0,70 €)","Getränke & Genussmittel","False","https://img.rewe-static.de/1355426/20941816_digital-image.png"
"Guinness Irish Draught 0,44l","Guinness","5000213009437","1.69","0,44l (1 l = 3,84 €)","Getränke & Genussmittel","False","https://img.rewe-static.de/0028992/24349272_digital-image.png"
"Voelkel Bio Demeter Shot Ingwer 280ml","Voelkel","4015533037443","3.99","0,28l (1 l = 14,25 €)","Getränke & Genussmittel","False","https://img.rewe-static.de/3597285/33383010_digital-image.png"
"5,0 Original Export 0,5l","5,0 Original","4014086093333","0.69","0,50l (1 l = 1,38 €)","Getränke & Genussmittel","False","https://img.rewe-static.de/0017011/2143300_digital-image.png"
"Vilsa Mineralwasser Naturelle 12x0,7l","Vilsa","4104450121028","6.29","12x0,70l (1 l = 0,75 €)","Getränke & Genussmittel","False","https://img.rewe-static.de/1906651/21331175_digital-image.png"
"Deit Zitrone trüb 12x1l","Deit","4105490999806","8.49","12x1l (1 l = 0,71 €)","Getränke & Genussmittel","True","https://img.rewe-static.de/1327666/21172266_digital-image.png"
"Fuze Tea Schwarzer Tee Zitrone 6x1,25l","Fuze Tea","5449000232380","10.14","6x1,25l (1 l = 1,35 €)","Getränke & Genussmittel","False","https://img.rewe-static.de/8352280/42352198_digital-image.png"
"Wilthener Gebirgskräuter 0,7l","Wilthener","4012429001311","5.49","0,70l (1 l = 7,84 €)","Getränke & Genussmittel","True","https://img.rewe-static.de/6823831/6796120_digital-image.png"
"Deutsches Weintor Weißwein Grauer Burgunder trocken 0,75l","Deutsches Weintor","4018300301518","3.99","0,75l (1 l = 5,32 €)","Getränke & Genussmittel","True","https://img.rewe-static.de/4653440/26582044_digital-image.png"
"Innocent Plus Saft Citrus Shield 0,75l","Innocent","5038862438247","3.49","750ml (1 l = 4,65 €)","Getränke & Genussmittel","False","https://img.rewe-static.de/7870864/34183478_digital-image.png"
"Organics Simply Cola by Red Bull 330ml","Red Bull","9002490278984","0.95","0,33l (1 l = 2,88 €)","Getränke & Genussmittel","True","https://img.rewe-static.de/8167545/47200341_digital-image.png"
"Biorebe Weißwein Bio Pinot Grigio vegan 0,25l","Biorebe","4003301079573","1.79","0,25l (1 l = 7,16 €)","Getränke & Genussmittel","False","https://img.rewe-static.de/8280652/29404354_digital-image.png"
"Pfanner Schwarze Johannisbeere Nektar 1l","Pfanner","9006900017729","1.99","1l","Getränke & Genussmittel","False","https://img.rewe-static.de/0359465/27088947_digital-image.png"
"REWE to go Smoothie Apfel Ananas Traube 0,25l","REWE to go","4337256865043","1.29","250ml (1 l = 5,16 €)","Getränke & Genussmittel","False","https://img.rewe-static.de/9991500/44970904_digital-image.png"
"Carlsberg Elephant Beer 0,5l","Carlsberg","5740600510350","0.99","0,50l (1 l = 1,98 €)","Getränke & Genussmittel","True","https://img.rewe-static.de/0019212/27974485_digital-image.png"
"Weinschorle weiß 1l","NA","4337256761093","1.89","1l","Getränke & Genussmittel","False","https://img.rewe-static.de/2387497/23629119_digital-image.png"
"REWE Beste Wahl Pflaumentrunk 0,75l","REWE Beste Wahl","4388844019430","2.99","0,75l (1 l = 3,99 €)","Getränke & Genussmittel","False","https://img.rewe-static.de/0877333/22780160_digital-image.png"
"Sprite Zero 12x1l","Sprite","5449000121189","15.99","12x1l (1 l = 1,33 €)","Getränke & Genussmittel","False","https://img.rewe-static.de/8035776/2687260_digital-image.png"
"Ca'Vive Rotwein Bardolino trocken 1l","Ca'vive","4337256754668","3.29","1l","Getränke & Genussmittel","False","https://img.rewe-static.de/0557344/22596593_digital-image.png"
"REWE Beste Wahl Grüner Multifrucht 1l","REWE Beste Wahl","4337256735698","2.69","1ml","Getränke & Genussmittel","False","https://img.rewe-static.de/9015528/42230217_digital-image.png"
"Peroni Nastro Azzurro Lagerbier 6x0,33l","NA","8008440512109","4.99","6x0,33l (1 l = 2,52 €)","Getränke & Genussmittel","True","https://img.rewe-static.de/8705888/34969404_digital-image.png"
"REWE to go Vitamin D Shot 60ml","REWE to go","42015642","1.49","60ml (1 l = 24,83 €)","Getränke & Genussmittel","False","https://img.rewe-static.de/8977605/40986805_digital-image.png"
"Volvic Tee Zitrone 6x1,5l","Volvic","4005720000879","11.34","6x1,50l (1 l = 1,26 €)","Getränke & Genussmittel","False","https://img.rewe-static.de/1430156/23992409_digital-image.png"
"Kronenhof Doppel-Weizenkorn 0,7l","Kronenhof","4388840480197","5.99","0,70l (1 l = 8,56 €)","Getränke & Genussmittel","False","https://img.rewe-static.de/5248817/1918710_digital-image.png"
"Island Bay Weißwein Sauvignon Blanc trocken 0,75l","Island Bay","4002287013076","6.99","0,75l (1 l = 9,32 €)","Getränke & Genussmittel","False","https://img.rewe-static.de/1195534/39819991_digital-image.png"
"Pfanner Bio Pure Tea Grüner Tee 1l","Pfanner","90167591","1.19","1l","Getränke & Genussmittel","False","https://img.rewe-static.de/2349678/23597940_digital-image.png"
"REWE Beste Wahl Blutorangensaft 1l","REWE Beste Wahl","4337256302814","2.59","1l","Getränke & Genussmittel","False","https://img.rewe-static.de/8625852/34823558_digital-image.png"
"REWE Beste Wahl Tonic Water 6x1l","REWE Beste Wahl","4388844076730","5.34","6x1l (1 l = 0,89 €)","Getränke & Genussmittel","False","https://img.rewe-static.de/2424787/37911404_digital-image.png"
"REWE Bio Naturland Orangen Erfrischungsgetränk 0,75l","REWE Bio","4337256412889","1.19","0,75l (1 l = 1,59 €)","Getränke & Genussmittel","False","https://img.rewe-static.de/8729533/36029118_digital-image.png"
"Deit Grapefruit 12x1l","Deit","4105490999653","8.49","12x1l (1 l = 0,71 €)","Getränke & Genussmittel","True","https://img.rewe-static.de/1328182/21172260_digital-image.png"
"Pepsi Cola 0,33l","Pepsi","4062139025091","0.89","0,33l (1 l = 2,70 €)","Getränke & Genussmittel","False","https://img.rewe-static.de/8538558/32711925_digital-image.png"
"Lipton Ice Tea Zitrone Zero Zucker 6x1,25l","Lipton","4062139009961","11.34","6x1,25l (1 l = 1,51 €)","Getränke & Genussmittel","False","https://img.rewe-static.de/7599421/43256227_digital-image.png"
"Voelkel Bio Demeter Immunkraft mit Direktsäften 0,5l","Voelkel","4015533051807","2.99","0,50l (1 l = 5,98 €)","Getränke & Genussmittel","False","https://img.rewe-static.de/8821235/38294573_digital-image.png"
"REWE to go Milder Shot Apfel Ingwer Zitrone 0,06l","REWE to go","42016304","1.49","60ml (1 l = 24,83 €)","Getränke & Genussmittel","False","https://img.rewe-static.de/9108557/45056254_digital-image.png"
"Coca-Cola light 12x0,5l","Coca-Cola","5449000027344","15.48","12x0,50l (1 l = 2,58 €)","Getränke & Genussmittel","False","https://img.rewe-static.de/2833777/25365901_digital-image.png"
"Voelkel Bio Demeter Direktsaft Rote Beete Ingwer 0,5l","Voelkel","4015533053368","2.69","0,50l (1 l = 5,38 €)","Getränke & Genussmittel","False","https://img.rewe-static.de/9064371/43166386_digital-image.png"
"Vöslauer Mango 6x1l","Vöslauer","9009700212776","5.34","6x1l (1 l = 0,89 €)","Getränke & Genussmittel","False","https://img.rewe-static.de/8900901/39361778_digital-image.png"
"Deit Pink Grapefruit 12x1l","Deit","4105490635155","8.49","12x1l (1 l = 0,71 €)","Getränke & Genussmittel","True","https://img.rewe-static.de/1371777/21466873_digital-image.png"
"Blauer Zweigelt Rotwein trocken 0,75l","Blauer Zweigelt","4337256757898","2.69","0,75l (1 l = 3,59 €)","Getränke & Genussmittel","False","https://img.rewe-static.de/0152981/1197020_digital-image.png"
"Soave Weißwein Ca'Vive DOC trocken 1l","Ca'vive","4337256756174","2.99","1l","Getränke & Genussmittel","False","https://img.rewe-static.de/0557194/4221810_digital-image.png"
"Gerolsteiner und Frucht Apfel Zitrone 6x0,75l","Gerolsteiner","4001513102294","7.14","6x0,75l (1 l = 1,59 €)","Getränke & Genussmittel","False","https://img.rewe-static.de/0913237/23659110_digital-image.png"
"Almdudler Original 1l","Almdudler","9006900216788","1.59","1l","Getränke & Genussmittel","False","https://img.rewe-static.de/2708500/24800089_digital-image.png"
"Voelkel Bio Demeter Feldfrische Möhre 0,7l","Voelkel","4015533053849","2.99","0,70l (1 l = 4,27 €)","Getränke & Genussmittel","False","https://img.rewe-static.de/8958295/39776063_digital-image.png"
"J Hettinger Rosé Dornfelder Spätburgunder halbtrocken 1l","J | Hettinger","4018300880310","3.99","1l","Getränke & Genussmittel","False","https://img.rewe-static.de/1376884/20672003_digital-image.png"
"14 Quattordici Rotwein Primitivo di Marina IGT trocken 0,75l","Contessa Marina","4008954231446","7.49","0,75l (1 l = 9,99 €)","Getränke & Genussmittel","False","https://img.rewe-static.de/8725382/35802581_digital-image.png"
"City Secco White Frizzante 0,2L","City","4062073999991","0.99","0,20l (1 l = 4,95 €)","Getränke & Genussmittel","False","https://img.rewe-static.de/8649463/33972916_digital-image.png"
"Finsbury London Dry Gin 0,7l","Finsbury","4062400309103","11.99","0,70l (1 l = 17,13 €)","Getränke & Genussmittel","False","https://img.rewe-static.de/3211118/2572690_digital-image.png"
"Hella Pink Caribic 0,75l","Hella","4102380042048","0.49","0,75l (1 l = 0,65 €)","Getränke & Genussmittel","True","https://img.rewe-static.de/7700843/38564859_digital-image.png"
"Almdudler Kräuterlimonade 6x1l","Almdudler","9006900216795","8.94","6x1l (1 l = 1,49 €)","Getränke & Genussmittel","False","https://img.rewe-static.de/2714292/24895943_digital-image.png"
"REWE Bio Eistee Zitrone & Himbeere 0,5l","REWE Bio","4337256802727","1.19","0,50l (1 l = 2,38 €)","Getränke & Genussmittel","False","https://img.rewe-static.de/9067428/42980937_digital-image.png"
"Rotkäppchen Sekt trocken 0,2l","Rotkäppchen-Mumm","4400066903424","1.59","0,20l (1 l = 7,95 €)","Getränke & Genussmittel","False","https://img.rewe-static.de/6242820/5838800_digital-image.png"
"Gerolsteiner Sprudel 6x0,75l","Gerolsteiner","4001513102232","5.1","6x0,75l (1 l = 1,13 €)","Getränke & Genussmittel","False","https://img.rewe-static.de/0699767/20242989_digital-image.png"
"Köstritzer Schwarzbier 6x0,33l","Köstritzer","4014964111616","4.99","6x0,33l (1 l = 2,52 €)","Getränke & Genussmittel","False","https://img.rewe-static.de/4690281/2402680_digital-image.png"
"Valensina Saft Frühstücks-Pink Grapefruit 1l","Valensina","4009491022122","2.49","1l","Getränke & Genussmittel","False","https://img.rewe-static.de/9048352/43747855_digital-image.png"
"Gordon's Gin Tonic 0,25l","Gordon's","5000289936576","1.99","0,25l (1 l = 7,96 €)","Getränke & Genussmittel","True","https://img.rewe-static.de/8887468/39366852_digital-image.png"
"Lipton Sparkling Ice Tea Pfirsich 0,33l","Lipton","4062139025039","0.99","0,33l (1 l = 3 €)","Getränke & Genussmittel","False","https://img.rewe-static.de/8535042/32743785_digital-image.png"
"Von Schoenaich Rosé Dornfelder Pfalz QbA lieblich 0,75l","Dornfelder","4337256752206","2.49","0,75l (1 l = 3,32 €)","Getränke & Genussmittel","False","https://img.rewe-static.de/0130499/4774420_digital-image.png"
"Beck's Pils 0,5l","Beck's","42178170","1.09","0,50l (1 l = 2,18 €)","Getränke & Genussmittel","False","https://img.rewe-static.de/0019260/5607670_digital-image.png"
"Effect Habibi Berry 0,33l","Effect","4025127085460","0.79","0,33l (1 l = 2,39 €)","Getränke & Genussmittel","True","https://img.rewe-static.de/9936328/46502725_digital-image.png"
"REWE Bio Eistee Pfirsich 0,5l","REWE Bio","4337256801300","1.19","0,50l (1 l = 2,38 €)","Getränke & Genussmittel","False","https://img.rewe-static.de/7596027/42981016_digital-image.png"
"Verpoorten Original 0,7l","Verpoorten","4015720010761","12.99","0,70l (1 l = 18,56 €)","Getränke & Genussmittel","False","https://img.rewe-static.de/0215287/2810660_digital-image.png"
"REWE to go Smoothie Apfel Mango Maracuja 0,75l","REWE to go","4337256621892","2.49","750ml (1 l = 3,32 €)","Getränke & Genussmittel","False","https://img.rewe-static.de/8918095/38936006_digital-image.png"
"III Freunde Weißwein Grauburgunder trocken 0,75l","NA","4260638760004","9.9","0,75l (1 l = 13,20 €)","Getränke & Genussmittel","False","https://img.rewe-static.de/7275479/27809170_digital-image.png"
"Afri Cola 25 6x1l","Afri Cola","4009228250484","7.74","6x1l (1 l = 1,29 €)","Getränke & Genussmittel","False","https://img.rewe-static.de/0538871/17513330_digital-image.png"
"Mariacron Weinbrand 0,7l","Mariacron","4045144710701","8.49","0,70l (1 l = 12,13 €)","Getränke & Genussmittel","False","https://img.rewe-static.de/0128546/3384090_digital-image.png"
"Organics Easy Lemon by Red Bull 330ml","Red Bull","9002490278977","0.95","0,33l (1 l = 2,88 €)","Getränke & Genussmittel","True","https://img.rewe-static.de/9908063/47199624_digital-image.png"
"Barefoot Rotwein Merlot trocken 0,75l","Barefoot","18341751109","5.99","0,75l (1 l = 7,99 €)","Getränke & Genussmittel","False","https://img.rewe-static.de/1309775/17777670_digital-image.png"
"REWE Beste Wahl Orange-Apfel 1l","REWE Beste Wahl","4337256831963","1.99","1l","Getränke & Genussmittel","False","https://img.rewe-static.de/7580631/44475113_digital-image.png"
"Underberg Magenbitter 12x20ml","Underberg","40341248","9.99","12x20ml (1 l = 41,63 €)","Getränke & Genussmittel","False","https://img.rewe-static.de/1257714/3529270_digital-image.png"
"Grand Sud Weißwein Chardonnay trocken 1l","Grand Sud","3263286350161","4.99","1l","Getränke & Genussmittel","False","https://img.rewe-static.de/6285341/6294090_digital-image.png"
"HD Weißwein Grauburgunder trocken 0,75l","NA","4337256807432","6.99","0,75l (1 l = 9,32 €)","Getränke & Genussmittel","False","https://img.rewe-static.de/7995772/31368856_digital-image.png"
"J Hettinger Weißwein Müller-Thurgau trocken 1l","J | Hettinger","4018300880112","3.99","1l","Getränke & Genussmittel","False","https://img.rewe-static.de/0181555/1218020_digital-image.png"
"Laurenza Weißwein Chardonnay trocken 0,75l","Laurenza","4337256756730","2.79","0,75l (1 l = 3,72 €)","Getränke & Genussmittel","False","https://img.rewe-static.de/2820682/25071800_digital-image.png"
"Brut Dargent Blanc de Blancs Chardonnay 0,75l","Brut Dargent","3263287626029","7.99","0,75l (1 l = 10,65 €)","Getränke & Genussmittel","False","https://img.rewe-static.de/4767608/1755220_digital-image.png"
"REWE to go Smoothie Berry Kiss 250ml","REWE to go","4337256853774","1.29","250ml (1 l = 5,16 €)","Getränke & Genussmittel","False","https://img.rewe-static.de/9991768/45056467_digital-image.png"
"Valdo Valdobbiadene Prosecco Superiore 0,75l","NA","8002335104066","10.99","0,75l (1 l = 14,65 €)","Getränke & Genussmittel","False","https://img.rewe-static.de/8693960/25364124_digital-image.png"
"Fuze Tea Schwarzer Tee Pfirsich Hibiskus 6x1,25l","Fuze Tea","5000112666557","10.14","6x1,25l (1 l = 1,35 €)","Getränke & Genussmittel","False","https://img.rewe-static.de/9009468/42316964_digital-image.png"
"REWE Beste Wahl Aqua Mia Plus Apfel 6x0,75l","REWE Beste Wahl","4337256828413","4.14","6x0,75l","Getränke & Genussmittel","False","https://img.rewe-static.de/9084125/45170409_digital-image.png"
"Deutscher Qualitätswein Weißwein Silvaner QbA trocken 0,75l","Silvaner","4337256794732","2.49","0,75l (1 l = 3,32 €)","Getränke & Genussmittel","False","https://img.rewe-static.de/7024673/910430_digital-image.png"
"Steitz & Beck Weißwein Grauburgunder Edition trocken 0,75l","Steitz & Beck","4002547178248","4.99","0,75l (1 l = 6,65 €)","Getränke & Genussmittel","False","https://img.rewe-static.de/1058440/9952970_digital-image.png"
"True Fruits Vitamin B Shot 99ml","True Fruits","4260122393183","2.49","99ml (1 l = 25,15 €)","Getränke & Genussmittel","False","https://img.rewe-static.de/7586350/41239333_digital-image.png"
"Effect Energy Drink Strawberry Apricot 0,33l","Effect","4025127085767","0.79","0,33l (1 l = 2,39 €)","Getränke & Genussmittel","True","https://img.rewe-static.de/9998572/44575718_digital-image.png"
"Fanta Orange 12x0,5l","Fanta","5449000027351","15.48","12x0,50l (1 l = 2,58 €)","Getränke & Genussmittel","False","https://img.rewe-static.de/2833797/25366106_digital-image.png"
"Lipton Ice Tea Pfirsich 6x1,25l","Lipton","4062139009923","11.34","6x1,25l (1 l = 1,51 €)","Getränke & Genussmittel","False","https://img.rewe-static.de/9062029/43256246_digital-image.png"
"Budweiser Budvar Premium Lager 6x0,33l","Budweiser Budvar","8594403417128","5.49","6x0,33l (1 l = 2,77 €)","Getränke & Genussmittel","False","https://img.rewe-static.de/7179006/2266850_digital-image.png"
"Schwip Schwap Zero Lemon 1,25l","Schwip Schwap","4062139025510","0.79","1,25l (1 l = 0,63 €)","Getränke & Genussmittel","True","https://img.rewe-static.de/7591739/43268188_digital-image.png"
"Pott Rum 54% 0,7l","Pott","4003310014244","13.99","0,70l (1 l = 19,99 €)","Getränke & Genussmittel","False","https://img.rewe-static.de/0188026/1282130_digital-image.png"
"Maybach Weißwein Chardonnay trocken 0,75l","Maybach","4003301081835","4.99","0,75l (1 l = 6,65 €)","Getränke & Genussmittel","False","https://img.rewe-static.de/8286430/29022394_digital-image.png"
"Warsteiner 0,5l","Warsteiner","4000856003688","0.95","0,50l (1 l = 1,90 €)","Getränke & Genussmittel","False","https://img.rewe-static.de/0017006/1290650_digital-image.png"
"Paulaner Weißbier-Zitrone 0,0% alkoholfrei 6x0,33l","Paulaner","4066600545255","5.49","6x0,33l (1 l = 2,77 €)","Getränke & Genussmittel","False","https://img.rewe-static.de/8527244/32445500_digital-image.png"
"Pilsner Urquell 20x0,5l","Pilsner Urquell","8594404000480","19.99","20x0,50l (1 l = 2 €)","Getränke & Genussmittel","False","https://img.rewe-static.de/8026238/5588010_digital-image.png"
"Deutsches Weintor Rotwein Dornfelder QbA lieblich 0,75l","Deutsches Weintor","4018300263519","3.99","0,75l (1 l = 5,32 €)","Getränke & Genussmittel","True","https://img.rewe-static.de/4645995/12085200_digital-image.png"
"Fuze Tea Schwarzer Tee Zitrone 0,4l","Fuze Tea","5000112667417","1.15","0,40l (1 l = 2,88 €)","Getränke & Genussmittel","False","https://img.rewe-static.de/9014191/42465461_digital-image.png"
"Pott Rum 40% 0,7l","Pott","4003310014190","10.99","0,70l (1 l = 15,70 €)","Getränke & Genussmittel","False","https://img.rewe-static.de/0188034/1090840_digital-image.png"
"Jim Beam Honey Bourbon Whiskey mit Honig-Likör 0,7l","Jim Beam","5060045590039","15.99","0,70l (1 l = 22,84 €)","Getränke & Genussmittel","False","https://img.rewe-static.de/8547056/32436552_digital-image.png"
"Kronenhof Obstwasser 0,7l","Kronenhof","4388844019287","7.49","0,70l (1 l = 10,70 €)","Getränke & Genussmittel","False","https://img.rewe-static.de/0873280/6106110_digital-image.png"
"Rauch Eistee Zitrone 0,33l","Rauch","9008700200523","0.59","0,33l (1 l = 1,79 €)","Getränke & Genussmittel","False","https://img.rewe-static.de/7994480/38702289_digital-image.png"
"Echter Nordhäuser Doppelkorn 0,7l","Echter Nordhäuser","4400065467101","7.99","0,70l (1 l = 11,41 €)","Getränke & Genussmittel","False","https://img.rewe-static.de/5674395/6647890_digital-image.png"
"MMchen Extra Sekt 0,2l","MM Extra","4011900801402","1.49","0,20l (1 l = 7,45 €)","Getränke & Genussmittel","False","https://img.rewe-static.de/3860256/15498160_digital-image.png"
"Mixery Bier+Cola+X 0,5l","Mixery","4002631028039","1.29","0,50l (1 l = 2,58 €)","Getränke & Genussmittel","False","https://img.rewe-static.de/0019145/27692885_digital-image.png"
"Schloss Böchingen Sekt halbtrocken 3x0,2l","Schlossböchingen","4013100940295","3.99","3x0,20l (1 l = 6,65 €)","Getränke & Genussmittel","False","https://img.rewe-static.de/0187771/7447070_digital-image.png"
"Wilthener Goldkrone 0,7l","Wilthener","4012429001144","6.29","0,70l (1 l = 8,99 €)","Getränke & Genussmittel","False","https://img.rewe-static.de/6650368/5581480_digital-image.png"
"Bree Weißwein Chardonnay halbtrocken 0,75 l","Bree","4003301038143","5.49","0,75l (1 l = 7,32 €)","Getränke & Genussmittel","False","https://img.rewe-static.de/0572759/23700525_digital-image.png"
"REWE Regional Apfelsaft naturtrüb 0,73l","REWE Regional","4388860540277","1.99","0,73l (1 l = 2,73 €)","Getränke & Genussmittel","False","https://img.rewe-static.de/8181508/31687948_digital-image.png"
"Effect Energy Drink Black Acai 0,33l","Effect","4025127090235","0.79","0,33l (1 l = 2,39 €)","Getränke & Genussmittel","True","https://img.rewe-static.de/7900259/38956445_digital-image.png"
"Hohes C Super Shots Antiox 0,33l","Hohes C","4048517689888","2.49","0,33l (1 l = 7,55 €)","Getränke & Genussmittel","False","https://img.rewe-static.de/7896568/33363074_digital-image.png"
"Fuze Tea Grüner Tee Mango Kamille 1,25l","Fuze Tea","5000112666533","1.69","1,25l (1 l = 1,35 €)","Getränke & Genussmittel","False","https://img.rewe-static.de/9012576/41232343_digital-image.png"
"Moselland Akzente Weißwein Riesling QbA halbtrocken 0,75l","Moselland","4006975004186","3.99","0,75l (1 l = 5,32 €)","Getränke & Genussmittel","True","https://img.rewe-static.de/7528680/2525500_digital-image.png"
"REWE Bio Smoothie Meal green 250ml","REWE Bio","4337256790901","1.99","250ml (1 l = 7,96 €)","Getränke & Genussmittel","False","https://img.rewe-static.de/9058099/42682909_digital-image.png"
"Schwip Schwap Colamix 0,33l","Schwip Schwap","4062139025138","0.89","0,33l (1 l = 2,70 €)","Getränke & Genussmittel","False","https://img.rewe-static.de/8540722/32763174_digital-image.png"
"Fürst von Metternich Sekt trocken 0,2l","Fürst von Metternich","4003310112209","2.99","0,20l (1 l = 14,95 €)","Getränke & Genussmittel","False","https://img.rewe-static.de/5484197/1311500_digital-image.png"
"Kleiner Klopfer Fun Mix 25x20ml","Kleiner Klopfer","4029884011915","10.49","25x0,02l (1 l = 20,98 €)","Getränke & Genussmittel","False","https://img.rewe-static.de/5282535/28600139_digital-image.png"
"Effect Energy Drink 1l","Effect","4025127020430","2.59","1l","Getränke & Genussmittel","False","https://img.rewe-static.de/0079989/2956730_digital-image.png"
"Landwein Weißwein halbtrocken 1l","NA","4337256772686","2.29","1l","Getränke & Genussmittel","False","https://img.rewe-static.de/5414180/3057430_digital-image.png"
"Light Live Sparkling Sprizz alkoholfrei 0,75l","Light Live","4001744064828","3.79","0,75l (1 l = 5,05 €)","Getränke & Genussmittel","False","https://img.rewe-static.de/1489774/21088531_digital-image.png"
"Paulaner Hefe-Weißbier naturtrüb 6x0,33l","Paulaner","4066600614319","5.49","6x0,33l (1 l = 2,77 €)","Getränke & Genussmittel","False","https://img.rewe-static.de/7734719/20662039_digital-image.png"
"Volvic Mineralwasser Naturelle 1l","Volvic","3057640183843","0.99","1l","Getränke & Genussmittel","False","https://img.rewe-static.de/6738753/1132830_digital-image.png"
"J Hettinger Weißwein Riesling QbA trocken 1l","J | Hettinger","4018300880419","3.99","1l","Getränke & Genussmittel","False","https://img.rewe-static.de/4672747/1218030_digital-image.png"
"Sprite 0,33l","Sprite","5000112604740","0.99","0,33l (1 l = 3 €)","Getränke & Genussmittel","False","https://img.rewe-static.de/0038639/9360860_digital-image.png"
"König Pilsener 6x0,33l","König Pilsener","4100770003105","4.49","6x0,33l (1 l = 2,27 €)","Getränke & Genussmittel","False","https://img.rewe-static.de/6641954/2550960_digital-image.png"
"Heineken 0,33l","Heineken","87120462","1.19","0,33l (1 l = 3,61 €)","Getränke & Genussmittel","False","https://img.rewe-static.de/0573002/17706210_digital-image.png"
"Ouzo Plomari 0,7l","Ouzo of Plomari","5202413007019","11.99","0,70l (1 l = 17,13 €)","Getränke & Genussmittel","False","https://img.rewe-static.de/5649552/1398010_digital-image.png"
"Brut Dargent Blanc de Blancs Chardonnay 0,2l","Brut Dargent","3530705000199","2.69","0,20l (1 l = 13,45 €)","Getränke & Genussmittel","False","https://img.rewe-static.de/0871430/6106170_digital-image.png"
"Folonari Weißwein Pinot Grigio trocken 1l","Folonari","8000160633997","4.49","1l","Getränke & Genussmittel","False","https://img.rewe-static.de/7268121/27757307_digital-image.png"
"Peter & Peter Weißwein Riesling feinherb 0,75l","NA","4006542072372","5.99","0,75l (1 l = 7,99 €)","Getränke & Genussmittel","False","https://img.rewe-static.de/7220273/27538512_digital-image.png"
"Granbeau Weißwein Chardonnay-Viognier 0,75l","NA","3700619325217","6.99","0,75l (1 l = 9,32 €)","Getränke & Genussmittel","False","https://img.rewe-static.de/8345141/30278460_digital-image.png"
"fritz-kola Zuckerfrei 10x0,5l","Fritz","4260107223009","16.49","10x0,50l (1 l = 3,30 €)","Getränke & Genussmittel","False","https://img.rewe-static.de/2848809/26085713_digital-image.png"
"Henkell trocken Sekt 0,75l","Henkell","4003310011625","5.49","0,75l (1 l = 7,32 €)","Getränke & Genussmittel","False","https://img.rewe-static.de/0146030/40778694_digital-image.png"
"High Mountains Sahnelikör 0,7l","High Mountains","4388844004917","5.49","0,70l (1 l = 7,84 €)","Getränke & Genussmittel","False","https://img.rewe-static.de/2517329/1875150_digital-image.png"
"REWE Beste Wahl der Rote Hagebutten-Hibiskus-Blütenteegetränk 1l","REWE Beste Wahl","42229308","0.85","1l","Getränke & Genussmittel","False","https://img.rewe-static.de/7679000/38658296_digital-image.png"
"Gatorade Sports Drink Blue Bolt 0,5l","NA","42469162","1.79","0,50l (1 l = 3,58 €)","Getränke & Genussmittel","False","https://img.rewe-static.de/9160010/42827868_digital-image.png"
"Lipton Ice Tea Zitrone 1,25l","Lipton","4062139009930","1.89","1,25l (1 l = 1,51 €)","Getränke & Genussmittel","False","https://img.rewe-static.de/7602511/42812077_digital-image.png"
"Mumm & Co Sekt trocken 0,2l","Mumm & Co.","4011900514401","2.29","0,20l (1 l = 11,45 €)","Getränke & Genussmittel","False","https://img.rewe-static.de/4547071/2936040_digital-image.png"
"Paderborner Pilsener 0,5l","Paderborner","4101120004308","0.65","0,50l (1 l = 1,30 €)","Getränke & Genussmittel","False","https://img.rewe-static.de/0043167/9720540_digital-image.png"
"Coca-Cola 4x0,5l","Coca-Cola","5449000035431","5.16","4x0,50l (1 l = 2,58 €)","Getränke & Genussmittel","False","https://img.rewe-static.de/3025194/26016196_digital-image.png"
"Landlust Bio Rotwein Dornfelder Spätburgunder QbA trocken 0,75l","Landlust","4003301072628","4.99","0,75l (1 l = 6,65 €)","Getränke & Genussmittel","False","https://img.rewe-static.de/2643888/24600700_digital-image.png"
"REWE to go Kombucha Rote Beeren vegan 0,33l","REWE to go","4337256791939","1.69","330ml (1 l = 5,12 €)","Getränke & Genussmittel","False","https://img.rewe-static.de/7596364/42818626_digital-image.png"
"Wunder Mus Pfirsich Maracuja 120g","NA","4021155171403","0.89","120g (1 kg = 7,42 €)","Getränke & Genussmittel","False","https://img.rewe-static.de/3705018/41202436_digital-image.png"
"Geldermann Sekt Rosé 0,75l","Geldermann","4008982644058","9.99","0,75l (1 l = 13,32 €)","Getränke & Genussmittel","False","https://img.rewe-static.de/3206738/26414966_digital-image.png"
"Grappa Cellini Oro 0,7l","Cellini","8005829000080","12.29","0,70l (1 l = 17,56 €)","Getränke & Genussmittel","False","https://img.rewe-static.de/9687947/3673940_digital-image.png"
"Monster Energy Drink Ultra Rose 0,5l","Monster","5060947541153","1.49","0,50l (1 l = 2,98 €)","Getränke & Genussmittel","False","https://img.rewe-static.de/8871399/39592572_digital-image.png"
"Hella Apfelschorle 6x0,75l","Hella","4102380027038","4.74","6x0,75l (1 l = 1,05 €)","Getränke & Genussmittel","False","https://img.rewe-static.de/0341608/22770976_digital-image.png"
"Orangina Limonade Zero 6x0,5l","Orangina","4000140714634","8.34","6x0,50l (1 l = 2,78 €)","Getränke & Genussmittel","False","https://img.rewe-static.de/7777869/36786103_digital-image.png"
"Sangrita Picante Gemüsesaft 0,5l","Sangrita","4000269100363","2.99","0,50l (1 l = 5,98 €)","Getränke & Genussmittel","False","https://img.rewe-static.de/0189529/42409726_digital-image.png"
"Vollmer Rotwein Meisterstück trocken 0,75l","Heinrich Vollmer","4002287016480","4.99","0,75l (1 l = 6,65 €)","Getränke & Genussmittel","False","https://img.rewe-static.de/7078042/26751307_digital-image.png"
"Franziskaner Weißbier alkoholfrei 20x0,5l","Franziskaner","4072700011095","21.49","20x0,50l (1 l = 2,15 €)","Getränke & Genussmittel","False","https://img.rewe-static.de/2562090/11082450_digital-image.png"
"La Vieille Ferme Rotwein Vin de France trocken 0,75 l","NA","3296180005387","5.99","0,75l (1 l = 7,99 €)","Getränke & Genussmittel","False","https://img.rewe-static.de/0319202/20262027_digital-image.png"
"Fuze Tea Grüner Tee Mango Kamille 6x1,25l","Fuze Tea","5000112666540","10.14","6x1,25l (1 l = 1,35 €)","Getränke & Genussmittel","False","https://img.rewe-static.de/9009878/42316989_digital-image.png"
"Havana Club Rum Especial 0,7l","Havana Club","8501110086196","15.99","0,70l (1 l = 22,84 €)","Getränke & Genussmittel","False","https://img.rewe-static.de/7588528/43104310_digital-image.png"
"König Pilsener 0,5l","König Pilsener","4100770059874","0.95","0,50l (1 l = 1,90 €)","Getränke & Genussmittel","False","https://img.rewe-static.de/0017753/28068246_digital-image.png"
"Lauffener Rotwein Schwarzriesling QbA halbtrocken 1l","Lauffener","4005670302085","4.99","1l","Getränke & Genussmittel","False","https://img.rewe-static.de/0569336/1848010_digital-image.png"
"REWE to go Kombucha Zitrone Ingwer vegan 0,33l","REWE to go","4337256803021","1.69","330ml (1 l = 5,12 €)","Getränke & Genussmittel","False","https://img.rewe-static.de/7597357/42818619_digital-image.png"
"Lillet Berry Ready to Drink 3x0,2l","Lillet","3163932468526","8.79","3x0,20l (1 l = 14,65 €)","Getränke & Genussmittel","False","https://img.rewe-static.de/8909149/38631191_digital-image.png"
"Lipton Ice Tea Zitrone 6x1,25l","Lipton","4062139009947","11.34","6x1,25l (1 l = 1,51 €)","Getränke & Genussmittel","False","https://img.rewe-static.de/9159740/43256234_digital-image.png"
"REWE Beste Wahl Mineralwasser Still 0,5l","REWE Beste Wahl","4388844154148","0.29","0,50l (1 l = 0,58 €)","Getränke & Genussmittel","False","https://img.rewe-static.de/2181504/26263527_digital-image.png"
"Freixenet Sekt Carta dry 0,75l","Freixenet","8410036810252","6.49","0,75l (1 l = 8,65 €)","Getränke & Genussmittel","False","https://img.rewe-static.de/9993767/44186390_digital-image.png"
"Wappenlese Rotwein lieblich 1l","Wappenlese","4337256756204","1.39","1l","Getränke & Genussmittel","False","https://img.rewe-static.de/1497013/21036445_digital-image.png"
"Aprezzo Aperitivo Bitter 0,7l","NA","42015598","4.49","0,70l (1 l = 6,41 €)","Getränke & Genussmittel","False","https://img.rewe-static.de/9075350/41020276_digital-image.png"
"REWE Beste Wahl Milder Multi 6x1l","REWE Beste Wahl","4337256250207","9.54","6x1l (1 l = 1,59 €)","Getränke & Genussmittel","False","https://img.rewe-static.de/7898792/35216879_digital-image.png"
"Vilsa Medium 6x0,75l","Vilsa","4104450065582","3.3","6x0,75l (1 l = 0,73 €)","Getränke & Genussmittel","False","https://img.rewe-static.de/0898419/20443145_digital-image.png"
"Light Live Sparkling weiß alkoholfrei 0,2l","Light Live","4013100416660","1.49","0,20l (1 l = 7,45 €)","Getränke & Genussmittel","False","https://img.rewe-static.de/0061859/3306270_digital-image.png"
"REWE Beste Wahl Aqua Mia Plus Zitrone-Limette 6x0,75l","REWE Beste Wahl","4337256820080","4.14","6x0,75l","Getränke & Genussmittel","False","https://img.rewe-static.de/9090256/45313159_digital-image.png"
"Württemberg Rotwein Trollinger QbA halbtrocken 1l","Weingut Klundt","4006840145105","4.49","1l","Getränke & Genussmittel","False","https://img.rewe-static.de/0993956/2649380_digital-image.png"
"Deit Citro Klar 12x1l","Deit","4105490999851","8.49","12x1l (1 l = 0,71 €)","Getränke & Genussmittel","True","https://img.rewe-static.de/1328166/847560_digital-image.png"
"François Dulac Rosé Méditerranée frisch & fruchtig trocken 1l","Francois Dulac","3263286325244","3.99","1l","Getränke & Genussmittel","False","https://img.rewe-static.de/0076485/3740330_digital-image.png"
"Freixenet Sekt Carta Medium Dry 0,75l","Freixenet","8410036810177","6.49","0,75l (1 l = 8,65 €)","Getränke & Genussmittel","False","https://img.rewe-static.de/9993752/44186388_digital-image.png"
"Innocent Immun Ingwer Shot Vitamin C+D 80ml","Innocent","96203422","1.99","80ml (1 l = 24,88 €)","Getränke & Genussmittel","False","https://img.rewe-static.de/9015217/43134613_digital-image.png"
"REWE Feine Welt Grappa Riserva 0,5l","REWE Feine Welt","4337256761956","8.99","0,50l (1 l = 17,98 €)","Getränke & Genussmittel","False","https://img.rewe-static.de/7615567/43283933_digital-image.png"
"Baden Weißwein Grauer Burgunder trocken 0,75l","NA","4015736735009","4.49","0,75l (1 l = 5,99 €)","Getränke & Genussmittel","False","https://img.rewe-static.de/1166302/22663443_digital-image.png"
"Bullit Energy Drink Mango-Passionfruit 0,5l","Bullit","4337256591461","0.59","0,50l (1 l = 1,18 €)","Getränke & Genussmittel","False","https://img.rewe-static.de/8898951/39114846_digital-image.png"
"Ca'Vive Rosé Bardolino Chiaretto Veneto DOC trocken 0,75l","Ca'vive","4337256750318","2.79","0,75l (1 l = 3,72 €)","Getränke & Genussmittel","False","https://img.rewe-static.de/0403671/3867720_digital-image.png"
"Grand Sud Rotwein Grenache lieblich 1l","Grand Sud","3263286350185","4.99","1l","Getränke & Genussmittel","False","https://img.rewe-static.de/3741710/1334160_digital-image.png"
"Osborne Sherry Medium Likörwein halbtrocken 0,75l","Osborne","4306180123598","6.99","0,75l (1 l = 9,32 €)","Getränke & Genussmittel","False","https://img.rewe-static.de/4170202/10138670_digital-image.png"
"Astra Urtyp 27x0,33l","Astra","4067800007529","9.99","27x0,33l (1 l = 1,12 €)","Getränke & Genussmittel","True","https://img.rewe-static.de/0362919/11124870_digital-image.png"
"Echter Nordhäuser Korn 0,7l","Echter Nordhäuser","4400065461109","6.49","0,70l (1 l = 9,27 €)","Getränke & Genussmittel","False","https://img.rewe-static.de/3009971/2322920_digital-image.png"
"Freiherr von Schoenaich Weißwein Grauer Burgunder trocken 0,75l","Freiherr von Schoenaich","4337256831253","3.49","0,75l (1 l = 4,65 €)","Getränke & Genussmittel","False","https://img.rewe-static.de/0561003/2920920_digital-image.png"
"Gallo Rotwein Cabernet Sauvignon Kalifornien halbtrocken 0,75l","Gallo","85000005002","5.99","0,75l (1 l = 7,99 €)","Getränke & Genussmittel","False","https://img.rewe-static.de/7122330/6896220_digital-image.png"
"Tanqueray London Dry Gin 0,7l","Tanqueray","5000281015248","21.99","0,70l (1 l = 31,41 €)","Getränke & Genussmittel","False","https://img.rewe-static.de/7755069/36630995_digital-image.png"
"Volvic Bio Tee Pfirischgeschmack 1,25l","Volvic","3057640568893","2.29","1,25l (1 l = 1,83 €)","Getränke & Genussmittel","False","https://img.rewe-static.de/7827264/37459477_digital-image.png"
"Doppio Passo Rotwein Bio Primitivo Halbtrocken 0,75l","Botter","4002859121116","8.99","0,75l (1 l = 11,99 €)","Getränke & Genussmittel","False","https://img.rewe-static.de/3135846/27180177_digital-image.png"
"Freixenet Sekt Carta Rosé dry 0,75l","Freixenet","8410036810337","6.49","0,75l (1 l = 8,65 €)","Getränke & Genussmittel","False","https://img.rewe-static.de/9993575/44168240_digital-image.png"
"Orvieto Weißwein Classico Umbrien DOC trocken 0,75l","NA","4337256541695","2.49","0,75l (1 l = 3,32 €)","Getränke & Genussmittel","False","https://img.rewe-static.de/0543742/3326210_digital-image.png"
"Vollmer Rosé Portugieser Qualitätswein trocken 0,75l","Heinrich Vollmer","4002287016336","4.99","0,75l (1 l = 6,65 €)","Getränke & Genussmittel","False","https://img.rewe-static.de/1276923/17200000_digital-image.png"
"Carlsberg Elephant Extra Strong 10,5% 0,5l","Carlsberg","5740600511036","0.99","0,50l (1 l = 1,98 €)","Getränke & Genussmittel","True","https://img.rewe-static.de/1027331/23937434_digital-image.png"
"Deutscher Qualitätswein Rosé Portugieser Dornfelder QbA feinherb 0,75l","NA","4337256768597","2.49","0,75l (1 l = 3,32 €)","Getränke & Genussmittel","False","https://img.rewe-static.de/8651512/34467713_digital-image.png"
"Hohes C Plus Calcium & Vitamin D Apfel Aronia Banane 3x0,2l","Hohes C","4048517745829","1.69","3x0,20l","Getränke & Genussmittel","False","https://img.rewe-static.de/7635122/42405684_digital-image.png"
"Larsini Vino Frizzante Bianco 0,75l","Larsini","4337256548342","1.99","0,75l (1 l = 2,65 €)","Getränke & Genussmittel","False","https://img.rewe-static.de/8867632/38892993_digital-image.png"
"Ortas Côtes du Rhône Rotwein Les Hautes Roches trocken 0,75l","NA","3506707054119","6.99","0,75l (1 l = 9,32 €)","Getränke & Genussmittel","False","https://img.rewe-static.de/7091071/41306751_digital-image.png"
"Osborne Veterano 0,7l","Osborne","8410337031080","12.99","0,70l (1 l = 18,56 €)","Getränke & Genussmittel","False","https://img.rewe-static.de/1426307/20632547_digital-image.png"
"Störtebeker Pils 20x0,5l","Störtebeker","4014807964065","15.99","20x0,50l (1 l = 1,60 €)","Getränke & Genussmittel","True","https://img.rewe-static.de/0084913/5196500_digital-image.png"
"Württemberg Rotwein QbA halbtrocken 1l","Württemberger","4006840125107","3.99","1l","Getränke & Genussmittel","False","https://img.rewe-static.de/0096064/1255710_digital-image.png"
"Asbach Uralt Weinbrand 0,7l","Asbach","4016500018205","13.99","0,70l (1 l = 19,99 €)","Getränke & Genussmittel","False","https://img.rewe-static.de/8338813/29715280_digital-image.png"
"Boscabana Rum White Razberry 0,7l","Boscabana","4337256889186","6.49","0,70l (1 l = 9,27 €)","Getränke & Genussmittel","False","https://img.rewe-static.de/9961775/47142734_digital-image.png"
"Dr. Pepper Cola 1,25l","Dr Pepper","4000140702785","1.99","1,25l (1 l = 1,59 €)","Getränke & Genussmittel","False","https://img.rewe-static.de/1369096/20412412_digital-image.png"
"Fanta Orange 0,5l","Fanta","5000112548082","1.29","0,50l (1 l = 2,58 €)","Getränke & Genussmittel","False","https://img.rewe-static.de/1361656/25137872_digital-image.png"
"Martin Schongauer Weißwein Grauer Burgunder QbA trocken 0,75l","Martin Schongauer","4006314301112","4.99","0,75l (1 l = 6,65 €)","Getränke & Genussmittel","False","https://img.rewe-static.de/4681312/3340700_digital-image.png"
"Oppenheimer Krötenbrunnen Weißwein Müller Thurgau trocken 1l","NA","4337256883634","2.99","1l","Getränke & Genussmittel","False","https://img.rewe-static.de/3997154/12169220_digital-image.png"
"Original Oettinger Pils 20x0,5l","Oettinger","4014086910364","6.99","20x0,50l (1 l = 0,70 €)","Getränke & Genussmittel","True","https://img.rewe-static.de/3733270/22750852_digital-image.png"
"Pepsi Electric Blue Zero 6x0,5l","Pepsi","4062139025855","7.14","6x0,50l (1 l = 2,38 €)","Getränke & Genussmittel","False","https://img.rewe-static.de/9098829/43663450_digital-image.png"
"Pircher Williams 0,7l","Pircher","80120643","18.49","0,70l (1 l = 26,41 €)","Getränke & Genussmittel","False","https://img.rewe-static.de/4886372/4783000_digital-image.png"
"Smirnoff Red No. 21 Premium Vodka Triple Destilled 0,7l","Smirnoff","5410316671118","12.99","0,70l (1 l = 18,56 €)","Getränke & Genussmittel","False","https://img.rewe-static.de/5501180/22261866_digital-image.png"
"14 Homes Rotwein Cabernet Sauvignon Merlot trocken 0,75l","NA","4069600016749","4.99","0,75l (1 l = 6,65 €)","Getränke & Genussmittel","False","https://img.rewe-static.de/7132463/27366151_digital-image.png"
"La Baume Weißwein Sauvignon Blanc trocken 0,75l","La Baume","3500610042591","6.49","0,75l (1 l = 8,65 €)","Getränke & Genussmittel","False","https://img.rewe-static.de/0251723/4792310_digital-image.png"
"Miluna Roséwein Primitivo Rosato trocken 0,75l","NA","8023354022810","6.99","0,75l (1 l = 9,32 €)","Getränke & Genussmittel","False","https://img.rewe-static.de/8439947/41306747_digital-image.png"
"Coca-Cola light taste 0,5l","Coca-Cola","5000112548167","1.29","0,50l (1 l = 2,58 €)","Getränke & Genussmittel","False","https://img.rewe-static.de/1361654/25137881_digital-image.png"
"Gallo Family Rosé Grenache lieblich 0,75l","Gallo","85000001608","5.99","0,75l (1 l = 7,99 €)","Getränke & Genussmittel","False","https://img.rewe-static.de/9335862/6613580_digital-image.png"
"Maria Schwan Bio Weißwein Grauburgunder trocken 0,75l","NA","4260137198155","6.49","0,75l (1 l = 8,65 €)","Getränke & Genussmittel","False","https://img.rewe-static.de/8306918/29333337_digital-image.png"
"Montalto Nero D'Avola Sicilia Organic Rotwein Bio trocken 0,75l","Montalto","8030423002154","5.99","0,75l (1 l = 7,99 €)","Getränke & Genussmittel","False","https://img.rewe-static.de/1448138/22435326_digital-image.png"
"REWE Beste Wahl LaMate Minze 0,33l","REWE Beste Wahl","4388860591637","0.75","0,33l (1 l = 2,27 €)","Getränke & Genussmittel","False","https://img.rewe-static.de/8273434/29278864_digital-image.png"
"Rauch Happy Day Multivitamin mild 1l","Rauch Happy Day","9008700149143","2.69","1l","Getränke & Genussmittel","False","https://img.rewe-static.de/2714813/38991608_digital-image.png"
"Schweppes Bitter Lemon 6x1,25l","Schweppes","4000140700125","8.94","6x1,25l (1 l = 1,19 €)","Getränke & Genussmittel","True","https://img.rewe-static.de/0106513/6690040_digital-image.png"
"Gatorade Sports Drink Lemon Flavour 0,5l","NA","42469179","1.79","0,50l (1 l = 3,58 €)","Getränke & Genussmittel","False","https://img.rewe-static.de/7529620/42827842_digital-image.png"
"Paulaner Hefe-Weißbier alkoholfrei 20x0,5l","Paulaner","4066600141914","13.99","20x0,50l (1 l = 1,40 €)","Getränke & Genussmittel","True","https://img.rewe-static.de/8789703/30960994_digital-image.png"
"True Fruits Elektrolyt Shot 99ml","True Fruits","4260122393305","2.49","99ml (1 l = 25,15 €)","Getränke & Genussmittel","False","https://img.rewe-static.de/9972470/46080086_digital-image.png"
"Vilsa Mineralwasser Naturelle 6x1l","Vilsa","4104450065339","3.9","6x1l (1 l = 0,65 €)","Getränke & Genussmittel","False","https://img.rewe-static.de/7193631/31377516_digital-image.png"
"Bullit Energy Drink 0,5l","Bullit","4337256630740","0.59","0,50l (1 l = 1,18 €)","Getränke & Genussmittel","False","https://img.rewe-static.de/8925073/40040573_digital-image.png"
"Fernet-Branca Kräuterlikör 0,7l","Fernet Branca","8004400001317","15.99","0,70l (1 l = 22,84 €)","Getränke & Genussmittel","False","https://img.rewe-static.de/8606921/33204903_digital-image.png"
"Grand Sud Rosé Merlot halbtrocken 1l","Grand Sud","3263280102179","4.99","1l","Getränke & Genussmittel","False","https://img.rewe-static.de/0251177/2150360_digital-image.png"
"Mangaroca Batida de Côco Kokoslikör 0,7l","Mangaroca","4003310016095","9.99","0,70l (1 l = 14,27 €)","Getränke & Genussmittel","False","https://img.rewe-static.de/0540331/966160_digital-image.png"
"Organics Black Orange by Red Bull 330ml","Red Bull","9002490278960","0.95","0,33l (1 l = 2,88 €)","Getränke & Genussmittel","True","https://img.rewe-static.de/9907353/47200179_digital-image.png"
"Corona Extra 0,33l","Corona","4100130010224","1.19","0,33l (1 l = 3,61 €)","Getränke & Genussmittel","False","https://img.rewe-static.de/3601890/30942485_digital-image.png"
"Fanta Lemon 0,33l","Fanta","5000112510379","0.99","0,33l (1 l = 3 €)","Getränke & Genussmittel","False","https://img.rewe-static.de/7664563/40631391_digital-image.png"
"Republik Nordmazedonien Rotwein lieblich 1l","Republik Nordmazedonien","4337256763073","2.19","1l","Getränke & Genussmittel","False","https://img.rewe-static.de/4583345/2098770_digital-image.png"
"Sarti Rosa 0,7l","NA","8000040700320","17.99","0,70l (1 l = 25,70 €)","Getränke & Genussmittel","False","https://img.rewe-static.de/8943836/40797292_digital-image.png"
"Aleo Aloe Vera Premium 0,5l","NA","4250239101825","1.59","0,50l (1 l = 3,18 €)","Getränke & Genussmittel","False","https://img.rewe-static.de/2484208/29146432_digital-image.png"
"Fuze Tee Grüner Tee Limette Minze 6x1,25l","Fuze Tea","5000112666564","10.14","6x1,25l (1 l = 1,35 €)","Getränke & Genussmittel","False","https://img.rewe-static.de/9012573/42634264_digital-image.png"
"Vom Urmeer Weißwein Scheurebe Trocken 0,75l","NA","4002287016237","5.49","0,75l (1 l = 7,32 €)","Getränke & Genussmittel","False","https://img.rewe-static.de/8422712/39820018_digital-image.png"
"Coca-Cola Cherry ohne Zucker 0,5l","Coca-Cola","5000112639407","1.29","0,50l (1 l = 2,58 €)","Getränke & Genussmittel","False","https://img.rewe-static.de/8260282/30322916_digital-image.png"
"Coca-Cola Zero Sugar 4x0,5l","Coca-Cola","5449000137517","4.76","4x0,50l (1 l = 2,38 €)","Getränke & Genussmittel","False","https://img.rewe-static.de/2797367/26010196_digital-image.png"
"Teacher's Blended Scotch Whisky 0,7l","Teacher's","5010093259006","11.59","0,70l (1 l = 16,56 €)","Getränke & Genussmittel","False","https://img.rewe-static.de/6207740/4968790_digital-image.png"
"Freeman's London Dry Gin 0,7l","Freeman's","4388840485116","6.49","0,70l (1 l = 9,27 €)","Getränke & Genussmittel","False","https://img.rewe-static.de/6471897/3237510_digital-image.png"
"Mumm Dry 6x0,75l","Mumm","4011900521119","23.94","6x0,75l (1 l = 5,32 €)","Getränke & Genussmittel","True","https://img.rewe-static.de/1272613/22619994_digital-image.png"
"Radeberger Pilsner 6x0,33l","Radeberger","4014388056234","4.99","6x0,33l (1 l = 2,52 €)","Getränke & Genussmittel","False","https://img.rewe-static.de/2733838/3787440_digital-image.png"
"Voelkel Bio Demeter Limettensaft 0,2l","Voelkel","4015533055362","2.49","0,20l (1 l = 12,45 €)","Getränke & Genussmittel","False","https://img.rewe-static.de/7673722/40800601_digital-image.png"
"Fuze Tea Schwarzer Tee Wassermelone Minze 1,25l","Fuze Tea","5000112567946","1.69","1,25l (1 l = 1,35 €)","Getränke & Genussmittel","False","https://img.rewe-static.de/7688678/39675012_digital-image.png"
"Gerolsteiner Sprudel 1,5l","Gerolsteiner","4001513007650","0.99","1,50l (1 l = 0,66 €)","Getränke & Genussmittel","False","https://img.rewe-static.de/1326970/2295240_digital-image.png"
"Wunder 100% Mus Himbeere Erdbeere 120g","NA","4021155171465","0.89","120g (1 kg = 7,42 €)","Getränke & Genussmittel","False","https://img.rewe-static.de/3701969/41202395_digital-image.png"
"Aus der Steillage Weißwein Riesling QbA feinherb 0,75l","NA","4006975212376","3.99","0,75l (1 l = 5,32 €)","Getränke & Genussmittel","False","https://img.rewe-static.de/0681771/3528510_digital-image.png"
"Cointreau Französischer Likör 0,7l","Cointreau","3035542004206","19.99","0,70l (1 l = 28,56 €)","Getränke & Genussmittel","False","https://img.rewe-static.de/0201146/673410_digital-image.png"
"Diehl Weißwein Grauburgunder Weissburgunder Cuvée trocken 0,75l","Weingut Diehl","4260072667365","7.99","0,75l (1 l = 10,65 €)","Getränke & Genussmittel","False","https://img.rewe-static.de/7289627/27901115_digital-image.png"
"Mumm Extra Dry 6x0,75l","Mumm","4011900520112","23.94","6x0,75l (1 l = 5,32 €)","Getränke & Genussmittel","True","https://img.rewe-static.de/1272618/22620000_digital-image.png"
"Mumm Rosé Dry Sekt 6x0,75l","Mumm","4011900528118","23.94","6x0,75l (1 l = 5,32 €)","Getränke & Genussmittel","True","https://img.rewe-static.de/1272617/22619997_digital-image.png"
"Nederburg Rotwein Shiraz trocken 0,75l","Nederburg","6001108098405","5.99","0,75l (1 l = 7,99 €)","Getränke & Genussmittel","False","https://img.rewe-static.de/6703658/2739020_digital-image.png"
"Volvic Mineralwasser Naturelle 0,75l","Volvic","3057640240188","0.79","0,75l (1 l = 1,05 €)","Getränke & Genussmittel","False","https://img.rewe-static.de/2666070/24881901_digital-image.png"
"Corsaire Rosé trocken 0,75l","Corsaire","3263280119085","5.49","0,75l (1 l = 7,32 €)","Getränke & Genussmittel","False","https://img.rewe-static.de/6935184/1907490_digital-image.png"
"Osborne Solaz Bio Rotwein Tempranillo trocken 0,75l","Osborne","8410337847032","5.99","0,75l (1 l = 7,99 €)","Getränke & Genussmittel","False","https://img.rewe-static.de/2222899/23073415_digital-image.png"
"REWE Beste Wahl Mineralwasser Medium 1l","REWE Beste Wahl","4388844154124","0.39","1l","Getränke & Genussmittel","False","https://img.rewe-static.de/2181384/23169354_digital-image.png"
"Corsaire Rotwein Réserve du Président trocken 0,75l","Corsaire","3263280119108","5.49","0,75l (1 l = 7,32 €)","Getränke & Genussmittel","False","https://img.rewe-static.de/6935168/1907420_digital-image.png"
"Eckes Edelkirsch 0,5l","Eckes","4045144750509","6.99","0,50l (1 l = 13,98 €)","Getränke & Genussmittel","False","https://img.rewe-static.de/0318345/2111820_digital-image.png"
"REWE Beste Wahl Eistee Zitrone-Kaktusfeige 6x1l","REWE Beste Wahl","4337256541886","5.1","6x1l","Getränke & Genussmittel","False","https://img.rewe-static.de/8861424/38658244_digital-image.png"
"Staatl. Fachingen Heilwasser Still 0,75l","Staatl. Fachingen","4101090000607","1.19","0,75l (1 l = 1,59 €)","Getränke & Genussmittel","False","https://img.rewe-static.de/6677282/8533640_digital-image.png"
"Württemberg Rotwein Lemberger QbA trocken 0,75l","Württemberger","4006840435558","4.99","0,75l (1 l = 6,65 €)","Getränke & Genussmittel","False","https://img.rewe-static.de/8194432/1591420_digital-image.png"
"Berentzen Waldfrucht 0,7l","Berentzen","4041500245023","7.29","0,70l (1 l = 10,41 €)","Getränke & Genussmittel","False","https://img.rewe-static.de/0591599/3041190_digital-image.png"
"Nederburg Rotwein Cabernet Sauvignon trocken 0,75l","Nederburg","6001108098269","5.99","0,75l (1 l = 7,99 €)","Getränke & Genussmittel","False","https://img.rewe-static.de/7751494/3558110_digital-image.png"
"Oldesloer Weizenkorn 0,7l","Oldesloer","40618012","6.99","0,70l (1 l = 9,99 €)","Getränke & Genussmittel","False","https://img.rewe-static.de/4755251/2420880_digital-image.png"
"Christinen Brunnen Multivitamin 4x0,5l","Christinen","4042600398367","4.6","4x0,50l (1 l = 2,30 €)","Getränke & Genussmittel","False","https://img.rewe-static.de/0422160/9695920_digital-image.png"
"Granini Selection Rhabarber 0,75l","Granini","4048517757785","2.29","0,75l (1 l = 3,05 €)","Getränke & Genussmittel","False","https://img.rewe-static.de/7599294/42555744_digital-image.png"
"Hella Aktiv Grapefruit 0,75l","Hella","4102380029261","0.79","0,75l (1 l = 1,05 €)","Getränke & Genussmittel","False","https://img.rewe-static.de/1098310/21572322_digital-image.png"
"Maybach Weißwein Burgunder QbA trocken 0,75 l","Maybach","4003301055485","4.99","0,75l (1 l = 6,65 €)","Getränke & Genussmittel","False","https://img.rewe-static.de/1145787/27052947_digital-image.png"
"Mezzo Mix 0,33l","Mezzo Mix","5000112604696","0.99","0,33l (1 l = 3 €)","Getränke & Genussmittel","False","https://img.rewe-static.de/0038637/9508180_digital-image.png"
"Moskovskaya Lettischer Vodka 38% 0,5l","Moskovskaya","4053500002414","8.99","0,50l (1 l = 17,98 €)","Getränke & Genussmittel","False","https://img.rewe-static.de/8177488/28019617_digital-image.png"
"REWE Feine Welt Espresso Martini 0,7l","REWE Feine Welt","4337256831178","8.99","0,70l (1 l = 12,84 €)","Getränke & Genussmittel","False","https://img.rewe-static.de/7575141/43612397_digital-image.png"
"Rauch Eistee Pfirsich 1.5l","Rauch","9008700204279","1.79","1,50l (1 l = 1,19 €)","Getränke & Genussmittel","False","https://img.rewe-static.de/8388047/30756927_digital-image.png"
"François Dulac Weißwein Blanc Midi trocken 1l","Francois Dulac","3263280123419","3.99","1l","Getränke & Genussmittel","False","https://img.rewe-static.de/4050282/2329570_digital-image.png"
"Volvic Naturelle Kids 0,33l","Volvic","42279877","0.49","0,33l (1 l = 1,48 €)","Getränke & Genussmittel","False","https://img.rewe-static.de/2284837/23379169_digital-image.png"
"Gerolsteiner Medium 1,5l","Gerolsteiner","4001513007704","0.99","1,50l (1 l = 0,66 €)","Getränke & Genussmittel","False","https://img.rewe-static.de/6421350/1877780_digital-image.png"
"Grevensteiner Landbier 6x0,33l","Grevensteiner","4005249003382","5.29","6x0,33l (1 l = 2,67 €)","Getränke & Genussmittel","False","https://img.rewe-static.de/3198177/26486765_digital-image.png"
"Hennessy V.S Cognac 0,7l","Hennessy","3245990901013","37.99","0,70l (1 l = 54,27 €)","Getränke & Genussmittel","False","https://img.rewe-static.de/3713385/47332026_digital-image.png"
"Sinalco Cola 6x1,25l","Sinalco","4018715062844","6.54","6x1,25l (1 l = 0,87 €)","Getränke & Genussmittel","False","https://img.rewe-static.de/0065007/2064360_digital-image.png"
"Coca-Cola Zero Sugar 0,33l","Coca-Cola","90357879","1.19","0,33l (1 l = 3,61 €)","Getränke & Genussmittel","False","https://img.rewe-static.de/1185743/26274645_digital-image.png"
"Mönchshof Natur Radler 0,5l","Mönchshof","4082100005044","1.19","0,50l (1 l = 2,38 €)","Getränke & Genussmittel","False","https://img.rewe-static.de/1334070/22711390_digital-image.png"
"Mönchshof Naturtrüb alkoholfrei 20x0,5l","Mönchshof","4082100003569","16.99","20x0,50l (1 l = 1,70 €)","Getränke & Genussmittel","False","https://img.rewe-static.de/2146345/22572870_digital-image.png"
"Vina Albali Rotwein Reserva trocken 0,75l","Viña Albali","8410702000017","4.99","0,75l (1 l = 6,65 €)","Getränke & Genussmittel","False","https://img.rewe-static.de/9090320/6849380_digital-image.png"
"Fanta Orange 4x0,5l","Fanta","5449000027672","4.76","4x0,50l (1 l = 2,38 €)","Getränke & Genussmittel","False","https://img.rewe-static.de/2797385/26556636_digital-image.png"
"Kronenhof Goldbrand Spirituose 0,7l","Kronenhof","4388844018471","4.99","0,70l (1 l = 7,13 €)","Getränke & Genussmittel","False","https://img.rewe-static.de/0844631/5820950_digital-image.png"
"Pepsi Zero Zucker 1,75l","Pepsi","4062139025671","1.79","1,75l (1 l = 1,02 €)","Getränke & Genussmittel","False","https://img.rewe-static.de/9180830/44095535_digital-image.png"
"Portugal Rosé lieblich 1l","Vinho Rose Portugal","4337256772457","2.79","1l","Getränke & Genussmittel","False","https://img.rewe-static.de/8896543/40362038_digital-image.png"
"Schweppes American Ginger Ale Zero 6x1,25l","Schweppes","4000140711923","8.94","6x1,25l (1 l = 1,19 €)","Getränke & Genussmittel","True","https://img.rewe-static.de/8282173/30523690_digital-image.png"
"Granini Die leichte Limo Zitrone-Minze 6x1l","Granini","4048517634949","10.14","6x1l (1 l = 1,69 €)","Getränke & Genussmittel","False","https://img.rewe-static.de/7202404/27842243_digital-image.png"
"Hella Limo Himbeer 0,75l","Hella","4102380031387","0.79","0,75l (1 l = 1,05 €)","Getränke & Genussmittel","False","https://img.rewe-static.de/1999568/22469568_digital-image.png"
"Mega Monster Energy 0,553l","Monster","5060335635297","1.79","553ml (1 l = 3,24 €)","Getränke & Genussmittel","False","https://img.rewe-static.de/2350801/23547759_digital-image.png"
"Monin Sirup Grenadine 0,25l","Monin","3052911606694","3.99","0,25l (1 l = 15,96 €)","Getränke & Genussmittel","False","https://img.rewe-static.de/8898464/22583823_digital-image.png"
"Monopoles Nicolas Napoléon Rotwein Superieu Bordeaux trocken 0,75l","Nicolas Napoléon","3211200194360","5.99","0,75l (1 l = 7,99 €)","Getränke & Genussmittel","False","https://img.rewe-static.de/9711864/3129880_digital-image.png"
"Mönchshof Natur Radler alkoholfrei 0,5l","Kulmbacher Mönchshof","4082100006508","1.19","0,50l (1 l = 2,38 €)","Getränke & Genussmittel","False","https://img.rewe-static.de/8283464/29824284_digital-image.png"
"Pernod 0,7l","Pernod","3047100090316","16.49","0,70l (1 l = 23,56 €)","Getränke & Genussmittel","False","https://img.rewe-static.de/0124265/2124970_digital-image.png"
"Tre Torri Lambrusco Emilia IGP lieblich 0,75l","NA","4337256503525","2.49","0,75l (1 l = 3,32 €)","Getränke & Genussmittel","False","https://img.rewe-static.de/7752481/37666441_digital-image.png"
"Wodka Gorbatschow Citron 0,7l","Wodka Gorbatschow","4003310013803","6.49","0,70l (1 l = 9,27 €)","Getränke & Genussmittel","True","https://img.rewe-static.de/0357737/31278189_digital-image.png"
"Bacardi Razz 0,7l","Bacardi","7610113028124","14.49","0,70l (1 l = 20,70 €)","Getränke & Genussmittel","False","https://img.rewe-static.de/9933636/45904487_digital-image.png"
"Durstlöscher Sauerkirsche Zitrone vegan 0,5l","Durstlöscher","4100060035014","0.85","0,50l (1 l = 1,70 €)","Getränke & Genussmittel","False","https://img.rewe-static.de/8833332/43242190_digital-image.png"
"Gerolsteiner Naturell 6x0,75l","Gerolsteiner","4001513102362","5.1","6x0,75l (1 l = 1,13 €)","Getränke & Genussmittel","False","https://img.rewe-static.de/1197693/22753549_digital-image.png"
"Schweppes Indian Tonic Water Zero 6x1,25l","Schweppes","4000140710568","8.94","6x1,25l (1 l = 1,19 €)","Getränke & Genussmittel","True","https://img.rewe-static.de/8087864/30868716_digital-image.png"
"Sprite 4x0,5l","Sprite","5449000020642","3.96","4x0,50l (1 l = 1,98 €)","Getränke & Genussmittel","False","https://img.rewe-static.de/2797157/26611505_digital-image.png"
"Veuve Clicquot Yellow Label Brut Champagner 0,75l","Veuve Clicquot","3049614222245","55.99","0,75l (1 l = 74,65 €)","Getränke & Genussmittel","False","https://img.rewe-static.de/4667131/1492280_digital-image.png"
"Yellow Tail Cabernet Sauvignon Rotwein Australien halbtrocken 0,75l","[ yellow tail ]","9322214007806","5.49","0,75l (1 l = 7,32 €)","Getränke & Genussmittel","False","https://img.rewe-static.de/6285457/3148730_digital-image.png"
"Kilbeggan Traditional Irish Whiskey 0,7l","Kilbeggan Whiskey","5099357003609","15.99","0,70l (1 l = 22,84 €)","Getränke & Genussmittel","False","https://img.rewe-static.de/9792856/23028246_digital-image.png"
"Pfanner Eistee Wassermelone 0,75l","Pfanner","9006900227548","1.19","0,75l (1 l = 1,59 €)","Getränke & Genussmittel","False","https://img.rewe-static.de/8849761/38552389_digital-image.png"
"Pâpidoux Calvados Fine 0,7l","Pâpidoux","4062400123525","14.99","0,70l (1 l = 21,41 €)","Getränke & Genussmittel","False","https://img.rewe-static.de/0342815/1472150_digital-image.png"
"REWE Beste Wahl Ananas Drachenfrucht 6x0,5l","REWE Beste Wahl","4337256649476","4.14","6x0,50l","Getränke & Genussmittel","False","https://img.rewe-static.de/7619040/44773091_digital-image.png"
"Republik Nordmazedonien Rosé lieblich 1l","Republik Nordmazedonien","4337256767354","2.19","1l","Getränke & Genussmittel","False","https://img.rewe-static.de/4583361/1317110_digital-image.png"
"Strong Coopers Cider Apfelweinhaltiges Getränk mit Kohlensäure 1l","Strong Coopers Cider","4001490006707","2.59","1l","Getränke & Genussmittel","False","https://img.rewe-static.de/1251546/21159903_digital-image.png"
"Voelkel Shot Ingwer & Zitrone-Honig 95ml","Voelkel","4015533056888","1.99","95ml","Getränke & Genussmittel","False","https://img.rewe-static.de/7634534/42585118_digital-image.png"
"Bravourstück Weißwein Sauvignon Blanc trocken 0,75l","NA","4002547178149","6.99","0,75l (1 l = 9,32 €)","Getränke & Genussmittel","False","https://img.rewe-static.de/8679396/35192894_digital-image.png"
"Deit Johannisbeere Blutorange 12x1l","Deit","4105490633656","8.49","12x1l (1 l = 0,71 €)","Getränke & Genussmittel","True","https://img.rewe-static.de/7254194/28110910_digital-image.png"
"Linie Aquavit 0,7l","Linie Aquavit","7048352041510","19.99","0,70l (1 l = 28,56 €)","Getränke & Genussmittel","False","https://img.rewe-static.de/4583159/2078740_digital-image.png"
"REWE Beste Wahl Aqua Mia Plus Kirsche 0,75l","REWE Beste Wahl","4337256895750","0.69","0,75l (1 l = 0,92 €)","Getränke & Genussmittel","False","https://img.rewe-static.de/8585548/34301990_digital-image.png"
"REWE Beste Wahl Gurke Erfrischungsgetränk Limette Minze 0,5l","REWE Beste Wahl","4388860176117","0.59","0,50l (1 l = 1,18 €)","Getränke & Genussmittel","False","https://img.rewe-static.de/3212539/26577302_digital-image.png"
"Réserve La Baume Saint-Paul Rotwein Merlot trocken 0,75l","La Baume","3500610042638","6.49","0,75l (1 l = 8,65 €)","Getränke & Genussmittel","False","https://img.rewe-static.de/0218386/20423539_digital-image.png"
"Warsteiner 6x0,33l","Warsteiner","4000856105436","5.29","6x0,33l (1 l = 2,67 €)","Getränke & Genussmittel","False","https://img.rewe-static.de/6642209/1908060_digital-image.png"
"fritz-kola MischMasch 0,5l","Fritz-Kola","4260107222279","1.89","0,50l (1 l = 3,78 €)","Getränke & Genussmittel","False","https://img.rewe-static.de/2238323/27286706_digital-image.png"
"Astra Helles Kleine Freiheit 0,33l","Astra","42440925","0.95","0,33l (1 l = 2,88 €)","Getränke & Genussmittel","False","https://img.rewe-static.de/9041707/42365064_digital-image.png"
"Chianti Denominazione di Origine Controllata e Garantita Rotwein trocken 0,75l","NA","4337256780308","2.99","0,75l (1 l = 3,99 €)","Getränke & Genussmittel","False","https://img.rewe-static.de/5124620/904460_digital-image.png"
"City Sunset Maracuja Frizzante 0,2l","City","4062073999915","0.99","0,20l (1 l = 4,95 €)","Getränke & Genussmittel","False","https://img.rewe-static.de/8700470/34439070_digital-image.png"
"Corsaire Reserve du President Weißwein blanc trocken 0,75l","Corsaire","3263280119115","5.49","0,75l (1 l = 7,32 €)","Getränke & Genussmittel","False","https://img.rewe-static.de/2401207/8945670_digital-image.png"
"Dr. Pepper Cherry 1,25l","Dr Pepper","4000140718113","1.99","1,25l (1 l = 1,59 €)","Getränke & Genussmittel","False","https://img.rewe-static.de/7542940/43395977_digital-image.png"
"Fachwerk Weißwein Bio Grauburgunder trocken 0,75l","Fachwerk","4260257150613","6.99","0,75l (1 l = 9,32 €)","Getränke & Genussmittel","False","https://img.rewe-static.de/1190506/22137397_digital-image.png"
"Gordon's Premium Pink Dry Gin 0,7l","Gordon's","5000289929417","13.99","0,70l (1 l = 19,99 €)","Getränke & Genussmittel","False","https://img.rewe-static.de/7186671/27933399_digital-image.png"
"Holsten Edel 27x0,33l","Holsten","4067800007581","9.99","27x0,33l (1 l = 1,12 €)","Getränke & Genussmittel","True","https://img.rewe-static.de/0432345/1651810_digital-image.png"
"Kronenhof Weizenkorn 0,7l","Kronenhof","4388844004269","4.99","0,70l (1 l = 7,13 €)","Getränke & Genussmittel","False","https://img.rewe-static.de/6651887/1485740_digital-image.png"
"Martini Fiero 0,75l","Martini","7630040400268","8.99","0,75l (1 l = 11,99 €)","Getränke & Genussmittel","False","https://img.rewe-static.de/3245701/26333674_digital-image.png"
"Red Bull Energy Drink 0,473l","Red Bull","90376139","2.49","473ml (1 l = 5,26 €)","Getränke & Genussmittel","False","https://img.rewe-static.de/0577824/27026333_digital-image.png"
"Rheinfels Quelle Lemon 0,75l","Rheinfels Quelle","4101130525091","0.59","0,75l (1 l = 0,79 €)","Getränke & Genussmittel","False","https://img.rewe-static.de/7186344/39242483_digital-image.png"
"Ritmo de la vida Weißwein Verdejo rueda trocken 0,75l","NA","4011900593000","5.99","0,75l (1 l = 7,99 €)","Getränke & Genussmittel","False","https://img.rewe-static.de/8616038/33174235_digital-image.png"
"Steitz & Beck Weißwein Silvaner Weißburgunder Edition trocken 0,75l","Steitz & Beck","4002547178262","4.99","0,75l (1 l = 6,65 €)","Getränke & Genussmittel","False","https://img.rewe-static.de/2902916/25455302_digital-image.png"
"Tuella Douro Rotwein Symington trocken 0,75l","NA","5010867503632","5.49","0,75l (1 l = 7,32 €)","Getränke & Genussmittel","False","https://img.rewe-static.de/0783460/6745760_digital-image.png"
"Vilsa H2Obst Apfel/Waldbeere 6x0,75l","Vilsa","4104450065988","7.14","6x0,75l (1 l = 1,59 €)","Getränke & Genussmittel","False","https://img.rewe-static.de/1129106/29767694_digital-image.png"
"Vollmer Weißwein Riesling trocken 0,75l","Heinrich Vollmer","4002287016329","4.99","0,75l (1 l = 6,65 €)","Getränke & Genussmittel","False","https://img.rewe-static.de/0550594/2913990_digital-image.png"
"Volvic essence Bio Gurke Minze 6x0,75l","Volvic","3057640503603","8.34","6x0,75l (1 l = 1,85 €)","Getränke & Genussmittel","False","https://img.rewe-static.de/7215998/28372939_digital-image.png"
"Dithmarscher Pilsener 20x0,33l","Dithmarscher","4002227023028","13.99","20x0,33l (1 l = 2,12 €)","Getränke & Genussmittel","False","https://img.rewe-static.de/5762570/2216900_digital-image.png"
"J.P. Chenet Rotwein Cabernet-Syrah Vin de Pays D'oc trocken 0,25l","J.P. Chenet","3263286324216","1.99","0,25l (1 l = 7,96 €)","Getränke & Genussmittel","False","https://img.rewe-static.de/0202550/6930100_digital-image.png"
"Pfalz Rosé Spätburgunder lieblich 1l","NA","4337256768368","2.99","1l","Getränke & Genussmittel","False","https://img.rewe-static.de/2832071/25254803_digital-image.png"
"Sierra Tequila Reposado 0,7l","Sierra Tequila","4062400543101","14.99","0,70l (1 l = 21,41 €)","Getränke & Genussmittel","False","https://img.rewe-static.de/5441129/4790970_digital-image.png"
"Sogrape Mateus Rosé halbtrocken 0,75l","Sogrape Vinhos, S.A.","5601012011500","5.49","0,75l (1 l = 7,32 €)","Getränke & Genussmittel","False","https://img.rewe-static.de/1117211/27629905_digital-image.png"
"Volvic Touch Orange Zitrone 1,5l","Volvic","3057640573248","1.89","1,50l (1 l = 1,26 €)","Getränke & Genussmittel","False","https://img.rewe-static.de/7782522/36121651_digital-image.png"
"Barone Montalto Rosé Nero D'avola Rosato Bio trocken 0,75l","NA","8030423004431","5.99","0,75l (1 l = 7,99 €)","Getränke & Genussmittel","False","https://img.rewe-static.de/2833802/25919378_digital-image.png"
"Echter Nordhäuser Eisvodka 0,7l","Echter Nordhäuser","4400065473003","6.99","0,70l (1 l = 9,99 €)","Getränke & Genussmittel","False","https://img.rewe-static.de/0119996/6722270_digital-image.png"
"Hansen Rum 0,7l","Hansen","4034200010053","9.99","0,70l (1 l = 14,27 €)","Getränke & Genussmittel","False","https://img.rewe-static.de/0143170/2864480_digital-image.png"
"Kleiner Feigling Original 12x0,02l","Kleiner Feigling","4004752254984","6.99","12x0,02l (1 l = 29,13 €)","Getränke & Genussmittel","False","https://img.rewe-static.de/7059363/27309730_digital-image.png"
"Latentia Rosé Primitivo Rosata halbtrocken 0,75l","NA","8051566562855","5.99","0,75l (1 l = 7,99 €)","Getränke & Genussmittel","False","https://img.rewe-static.de/8082027/29758701_digital-image.png"
"Mountain Dew Limonade 0,5l","Mountain Dew","4062139002337","0.99","0,50l (1 l = 1,98 €)","Getränke & Genussmittel","False","https://img.rewe-static.de/7934065/32763161_digital-image.png"
"Punica Multivitamin 1l","Punica","4260449695335","1.99","1l","Getränke & Genussmittel","False","https://img.rewe-static.de/9079518/43392870_digital-image.png"
"REWE Beste Wahl Aqua Mia Plus Apfel 0,75l","REWE Beste Wahl","4337256827478","0.69","0,75l","Getränke & Genussmittel","False","https://img.rewe-static.de/7582275/44795927_digital-image.png"
"REWE Feine Welt Bio Glühwein weiß 1l","REWE Feine Welt","4337256842372","4.49","1l","Getränke & Genussmittel","False","https://img.rewe-static.de/8785733/36808055_digital-image.png"
"Sinalco Orange 6x1,25l","Sinalco","4018715062837","6.54","6x1,25l (1 l = 0,87 €)","Getränke & Genussmittel","False","https://img.rewe-static.de/0064993/3010770_digital-image.png"
"Winzer Krems Weißwein Grüner Veltliner trocken 0,75l","Winzer Krems","9005511071670","7.99","0,75l (1 l = 10,65 €)","Getränke & Genussmittel","False","https://img.rewe-static.de/0184365/991920_digital-image.png"
"Casa Agrícola Alexandre Relvas Monte da Pimenta Rotwein trocken 0,75l","Casa Agricola Alexandre Relvas","5600391232292","7.99","0,75l (1 l = 10,65 €)","Getränke & Genussmittel","False","https://img.rewe-static.de/2510311/41306754_digital-image.png"
"Desperados Original 0,5l","Desperados","3119780251889","2.19","0,50l (1 l = 4,38 €)","Getränke & Genussmittel","False","https://img.rewe-static.de/1138369/22352151_digital-image.png"
"Flens Fassbrause Zitrone 6x0,33l","Flensburger","4103080061810","4.99","6x0,33l (1 l = 2,52 €)","Getränke & Genussmittel","False","https://img.rewe-static.de/1903107/21159755_digital-image.png"
"Freiherr von Schoenaich Sekt trocken 0,2l","Freiherr von Schoenaich","4388844083219","1.19","0,20l (1 l = 5,95 €)","Getränke & Genussmittel","False","https://img.rewe-static.de/3695697/6566360_digital-image.png"
"Grasovka Vodka 0,5l","Grasovka","4004726004973","9.69","0,50l (1 l = 19,38 €)","Getränke & Genussmittel","False","https://img.rewe-static.de/8322208/29430459_digital-image.png"
"Kuemmerling Kräuterlikör 25x20ml","Kuemmerling","4002645000137","12.99","25x0,02l (1 l = 25,98 €)","Getränke & Genussmittel","False","https://img.rewe-static.de/7459793/611220_digital-image.png"
"Kunzmann Bio-Glühwein weiß 1l","Kunzmann Weinkellerei","4101660101727","4.49","1l","Getränke & Genussmittel","False","https://img.rewe-static.de/1455146/21691471_digital-image.png"
"Lausitzer Porter Schwarzes 0,5l","Lausitzer","4018588003302","0.99","0,50l (1 l = 1,98 €)","Getränke & Genussmittel","False","https://img.rewe-static.de/5382793/7445230_digital-image.png"
"Mezzo Mix 0,5l","Mezzo Mix","5000112548204","1.29","0,50l (1 l = 2,58 €)","Getränke & Genussmittel","False","https://img.rewe-static.de/1270026/25137875_digital-image.png"
"Moselland Akzente Weißwein Burgunder QbA trocken 0,75l","Moselland","4006975012808","3.99","0,75l (1 l = 5,32 €)","Getränke & Genussmittel","True","https://img.rewe-static.de/3240070/5697560_digital-image.png"
"Nord Gold Eierlikör Advokat 0,35l","Nord Gold","4400065412200","2.79","0,35l (1 l = 7,97 €)","Getränke & Genussmittel","False","https://img.rewe-static.de/3917398/3148410_digital-image.png"
"OMG Bubble Tea Raspberry + Popping Blueberry 0,27l","NA","4260449695106","3.49","0,27l (1 l = 12,93 €)","Getränke & Genussmittel","False","https://img.rewe-static.de/9043086/42035067_digital-image.png"
"Amecke Sanfte Säfte Orange mit Grapefruit & Apfel 1l","Amecke","4005517004172","2.79","1l","Getränke & Genussmittel","False","https://img.rewe-static.de/9105264/44533395_digital-image.png"
"Carlsberg Beer 20x0,5l","Carlsberg","5740600510909","14.99","20x0,50l (1 l = 1,50 €)","Getränke & Genussmittel","True","https://img.rewe-static.de/0395694/22381382_digital-image.png"
"Durstlöscher Tropical 500ml","Durstlöscher","4100060037810","0.85","0,50l (1 l = 1,70 €)","Getränke & Genussmittel","False","https://img.rewe-static.de/7617834/43676962_digital-image.png"
"Entrecôte Rotwein Merlot Cabernet Syrah halbtrocken 0,75l","NA","3500610103513","5.99","0,75l (1 l = 7,99 €)","Getränke & Genussmittel","False","https://img.rewe-static.de/2724450/25193306_digital-image.png"
"Freixenet Sekt Carta Medium Dry 0,2l","Freixenet","8410036810191","2.79","0,20l (1 l = 13,95 €)","Getränke & Genussmittel","False","https://img.rewe-static.de/9992563/44058887_digital-image.png"
"Havana Club 7 0,7l","Havana Club","8501110080439","26.99","0,70l (1 l = 38,56 €)","Getränke & Genussmittel","False","https://img.rewe-static.de/6951104/20351998_digital-image.png"
"Heidsieck & Co. Champagne Monopole Blue Top 0,75l","Heidsieck & Co.","3256931113815","32.99","0,75l (1 l = 43,99 €)","Getränke & Genussmittel","False","https://img.rewe-static.de/4915283/1044060_digital-image.png"
"Hella Lemon 12x1l","Hella","4102380042833","7.69","12x1l (1 l = 0,64 €)","Getränke & Genussmittel","False","https://img.rewe-static.de/7582011/44056939_digital-image.png"
"Hella Naturell 12x1l","Hella","4102380042802","7.69","12x1l (1 l = 0,64 €)","Getränke & Genussmittel","False","https://img.rewe-static.de/7579966/44056817_digital-image.png"
"Jim Beam Red Stag Black Cherry 0,7l","Jim Beam","5060045589774","15.99","0,70l (1 l = 22,84 €)","Getränke & Genussmittel","False","https://img.rewe-static.de/7929486/38577343_digital-image.png"
"REWE Beste Wahl Aqua Mia Plus Zitrone Limette 0,75l","REWE Beste Wahl","4337256821704","0.69","0,75l","Getränke & Genussmittel","False","https://img.rewe-static.de/9086582/44798955_digital-image.png"
"Rotbäckchen Morgenstark 0,7l","Rotbäckchen","4004191008803","3.49","700ml (1 l = 4,99 €)","Getränke & Genussmittel","False","https://img.rewe-static.de/8406068/30988070_digital-image.png"
"Volvic Tee Zero Wassermelone 6x1,5l","Volvic","3057640580673","11.34","6x1,50l (1 l = 1,26 €)","Getränke & Genussmittel","False","https://img.rewe-static.de/7684965/44949503_digital-image.png"
"Amarula Marula Fruit and Cream 0,7l","Amarula","6001495062577","13.99","0,70l (1 l = 19,99 €)","Getränke & Genussmittel","False","https://img.rewe-static.de/0033782/3883720_digital-image.png"
"Boscabana Oversea Rum 0,7l","Boscabana","4337256821193","6.49","0,70l","Getränke & Genussmittel","False","https://img.rewe-static.de/7583717/47142793_digital-image.png"
"Freixenet Weißwein Sauvignon Blanc trocken 0,75l","Freixenet","8410036808525","5.99","0,75l (1 l = 7,99 €)","Getränke & Genussmittel","False","https://img.rewe-static.de/8467214/31461078_digital-image.png"
"Gatorade Zero Sugar Orange Flavour 0,5l","NA","42469186","1.79","0,50l (1 l = 3,58 €)","Getränke & Genussmittel","False","https://img.rewe-static.de/9075141/42827844_digital-image.png"
"J Hettinger Weißwein Kerner trocken 1l","J | Hettinger","4018300880518","3.99","1l","Getränke & Genussmittel","False","https://img.rewe-static.de/3937917/1218010_digital-image.png"
"Lindeman's Bin 65 Weißwein Chardonnay trocken 0,75l","Lindeman's","9311218119486","5.99","0,75l (1 l = 7,99 €)","Getränke & Genussmittel","False","https://img.rewe-static.de/1474421/10189290_digital-image.png"
"Rotwild Weißwein Morio Muskat QbA lieblich 0,25l","Rotwild","4062073033350","1.49","0,25l","Getränke & Genussmittel","False","https://img.rewe-static.de/7562986/44320522_digital-image.png"
"Three Sixty Energy & Vodka 330ml","Three Sixty","4007675333309","2.59","0,33l (1 l = 7,85 €)","Getränke & Genussmittel","False","https://img.rewe-static.de/8326330/30878184_digital-image.png"
"Volvic Bio Hibiskus Tee 4x1,25l","Volvic","3057640551543","9.16","4x1,25l (1 l = 1,83 €)","Getränke & Genussmittel","False","https://img.rewe-static.de/8444772/37459907_digital-image.png"
"fritz-kola MischMasch 0,33l","Fritz-Kola","4260107221289","1.39","0,33l (1 l = 4,21 €)","Getränke & Genussmittel","False","https://img.rewe-static.de/1337770/22574503_digital-image.png"
"Desmond's Lemon Squash 0,75l","NA","4250616676434","3.49","750ml (1 l = 4,65 €)","Getränke & Genussmittel","False","https://img.rewe-static.de/8531995/32305539_digital-image.png"
"Gerolsteiner Medium 0,75l","Gerolsteiner","4001513009722","0.85","0,75l (1 l = 1,13 €)","Getränke & Genussmittel","False","https://img.rewe-static.de/0699765/4960320_digital-image.png"
"Granini Die Limo Kirsche & Zitrone 6x1l","Granini","4048517758539","10.14","6x1l (1 l = 1,69 €)","Getränke & Genussmittel","False","https://img.rewe-static.de/7597475/42940696_digital-image.png"
"Heidsieck & Co Monopole Blue Top Champagne Brut 0,2l","Heidsieck & Co.","3256930103831","12.99","0,20l (1 l = 64,95 €)","Getränke & Genussmittel","False","https://img.rewe-static.de/8676526/1372280_digital-image.png"
"Hella Apfelschorle 0,7l","Hella","4102380027021","0.79","0,75l (1 l = 1,05 €)","Getränke & Genussmittel","False","https://img.rewe-static.de/0341607/9681000_digital-image.png"
"Jim Beam White & Cola Zero 0,33l","Jim Beam","5060045587213","2.69","0,33l (1 l = 8,15 €)","Getränke & Genussmittel","False","https://img.rewe-static.de/7198581/27642230_digital-image.png"
"Kronenbourg 1664 Blanc Weißbier 6x0,33l","NA","4101010012604","6.99","6x0,33l (1 l = 3,53 €)","Getränke & Genussmittel","False","https://img.rewe-static.de/7609517/42317560_digital-image.png"
"Malibu Pineapple 0,25l","Malibu","4005971391689","2.69","0,25l (1 l = 10,76 €)","Getränke & Genussmittel","False","https://img.rewe-static.de/7206099/27660710_digital-image.png"
"Orangina Limonade ohne Zucker 0,5l","Orangina","4000140714658","1.39","0,50l (1 l = 2,78 €)","Getränke & Genussmittel","False","https://img.rewe-static.de/8783668/36641551_digital-image.png"
"Premier Rendez-Vous Weißwein Sauvignon Blanc Colombard trocken 0,75l","NA","3700619341187","6.99","0,75l (1 l = 9,32 €)","Getränke & Genussmittel","False","https://img.rewe-static.de/3041924/40903556_digital-image.png"
"Punica Fruchtig Rot 1l","Punica","4260449695274","1.99","1l","Getränke & Genussmittel","False","https://img.rewe-static.de/7587444/43392863_digital-image.png"
"REWE Feine Welt Bio Glühwein Bügelflasche 1l","REWE Feine Welt","4337256844345","4.49","1l","Getränke & Genussmittel","False","https://img.rewe-static.de/8305942/29553908_digital-image.png"
"Staropramen Premium Pilsener 6x0,33l","Staropramen","8593868000661","5.49","6x0,33l (1 l = 2,77 €)","Getränke & Genussmittel","False","https://img.rewe-static.de/4347129/38485440_digital-image.png"
"Valensina Kids Bibi & Tina Roter Fruchtmix 6x0,33l","Valensina","4009491220146","6.54","6x0,33l (1 l = 3,30 €)","Getränke & Genussmittel","False","https://img.rewe-static.de/8658918/35985287_digital-image.png"
"Volvic Touch Zitrone-Limette 6x0,75l","Volvic","3057640459993","5.94","6x0,75l (1 l = 1,32 €)","Getränke & Genussmittel","False","https://img.rewe-static.de/0591797/29524073_digital-image.png"
"Württemberger Rosé Trollinger QbA süß & fruchtig 0,75l","Württemberger","4006840194554","4.99","0,75l (1 l = 6,65 €)","Getränke & Genussmittel","False","https://img.rewe-static.de/0617357/6659720_digital-image.png"
"Boonekamp Kräuter-Bitter 4x0,02l","Boonekamp","4337256488808","1.19","4x0,02l (1 l = 14,88 €)","Getränke & Genussmittel","False","https://img.rewe-static.de/7755671/41167590_digital-image.png"
"Grevensteiner Original Steinie 16x0,5l","Grevensteiner","4005249002026","15.99","16x0,50l (1 l = 2 €)","Getränke & Genussmittel","False","https://img.rewe-static.de/2107713/22277534_digital-image.png"
"Hendrick's Gin 0,7l","Hendrick's","5010327755014","32.99","0,70l (1 l = 47,13 €)","Getränke & Genussmittel","False","https://img.rewe-static.de/0133649/24178654_digital-image.png"
"Light Live Hugo alkoholfrei 0,2l","Light Live","4001744065627","1.49","0,20l (1 l = 7,45 €)","Getränke & Genussmittel","False","https://img.rewe-static.de/2748137/24832643_digital-image.png"
"Moselland Akzente Weißwein Elbling trocken 0,75l","Moselland","4006975001680","3.99","0,75l (1 l = 5,32 €)","Getränke & Genussmittel","True","https://img.rewe-static.de/7528663/678200_digital-image.png"
"Sangria 1,5l","Sangria","4337256750608","1.79","1,50l (1 l = 1,19 €)","Getränke & Genussmittel","False","https://img.rewe-static.de/0364360/3289180_digital-image.png"
"Schweppes White Peach 6x1,25l","Schweppes","4000140714917","8.94","6x1,25l (1 l = 1,19 €)","Getränke & Genussmittel","True","https://img.rewe-static.de/7824434/35946330_digital-image.png"
"Vio Still 0,5l","Vio","41005958","0.69","0,50l (1 l = 1,38 €)","Getränke & Genussmittel","False","https://img.rewe-static.de/0279929/7446360_digital-image.png"
"Volvic Mineralwasser Touch Himbeere Zero 6x1,5l","Volvic","3057640573668","11.34","6x1,50l (1 l = 1,26 €)","Getränke & Genussmittel","False","https://img.rewe-static.de/8774219/36045626_digital-image.png"
"Absolut Vodka Sprite 0,25l","Absolut","5000112669909","2.79","0,25l (1 l = 11,16 €)","Getränke & Genussmittel","False","https://img.rewe-static.de/7593239/42953309_digital-image.png"
"Becker's Bester klarer Apfelsaft 1l","beckers bester","4001716011126","3.29","1l","Getränke & Genussmittel","False","https://img.rewe-static.de/7163860/21207806_digital-image.png"
"Carstens-Haefelin Rebling Pfirsich 0,2l","Carstens-Haefelin","42002055","0.99","0,20l (1 l = 4,95 €)","Getränke & Genussmittel","False","https://img.rewe-static.de/4668669/6616890_digital-image.png"
"Château Sainte-Hélène Rotwein Languedoc trocken 0,75l","NA","3500610108709","6.49","0,75l (1 l = 8,65 €)","Getränke & Genussmittel","False","https://img.rewe-static.de/2839927/25222991_digital-image.png"
"Gerolsteiner Sprudel 0,75l","Gerolsteiner","4001513009708","0.85","0,75l (1 l = 1,13 €)","Getränke & Genussmittel","False","https://img.rewe-static.de/0699763/4960330_digital-image.png"
"Golden Kaan Rotwein Shiraz Western Cape trocken 0,75l","Golden Kaan","6002323000747","5.49","0,75l (1 l = 7,32 €)","Getränke & Genussmittel","False","https://img.rewe-static.de/7875576/41502989_digital-image.png"
"Heinrich Vollmer Weißwein Weißburgunder QbA trocken 0,75l","Heinrich Vollmer","4002287016343","4.99","0,75l (1 l = 6,65 €)","Getränke & Genussmittel","False","https://img.rewe-static.de/0550623/1794920_digital-image.png"
"Jack Daniel's Gentleman Jack Whiskey & Cola 0,33l","Jack Daniel's","5099873017746","3.69","0,33l (1 l = 11,18 €)","Getränke & Genussmittel","False","https://img.rewe-static.de/8547822/32357269_digital-image.png"
"Kaiserstuhl Weißwein Grauer Burgunder trocken 0,75l","Kaiserstuhl","4005658582119","4.49","0,75l (1 l = 5,99 €)","Getränke & Genussmittel","False","https://img.rewe-static.de/0579674/22663141_digital-image.png"
"Kronenhof Alter Williams-Christ-Birnenbrand 0,7l","Kronenhof","4388844019294","10.99","0,70l (1 l = 15,70 €)","Getränke & Genussmittel","False","https://img.rewe-static.de/0873311/6104610_digital-image.png"
"Lillet Rosé White Peach 3x0,2l","Lillet","3163932583199","8.79","3x0,20l (1 l = 14,65 €)","Getränke & Genussmittel","False","https://img.rewe-static.de/9040434/42586080_digital-image.png"
"Marathon Iso Pink Grapefruit 0,5l","Marathon","4337256757577","0.39","0,50l","Getränke & Genussmittel","False","https://img.rewe-static.de/7618375/42772804_digital-image.png"
"Pepsi Cola 6x0,5l","Pepsi","4062139002207","7.14","6x0,50l (1 l = 2,38 €)","Getränke & Genussmittel","False","https://img.rewe-static.de/7933133/39806158_digital-image.png"
"REWE Feine Welt Schokopunsch 0,7l","REWE Feine Welt","4337256833554","7.99","0,70l (1 l = 11,41 €)","Getränke & Genussmittel","False","https://img.rewe-static.de/7575243/43612375_digital-image.png"
"Radeberger Pilsner 0,5l","Radeberger","4014388001036","1.19","0,50l (1 l = 2,38 €)","Getränke & Genussmittel","False","https://img.rewe-static.de/6562051/1369090_digital-image.png"
"Rauch Eistee Pfirsich Zero 1,5l","Rauch","9008700204316","1.79","1,50l (1 l = 1,19 €)","Getränke & Genussmittel","False","https://img.rewe-static.de/8389673/32335509_digital-image.png"
"Southern Comfort Liqueur 0,7l","Southern Comfort","1210000100443","13.99","0,70l (1 l = 19,99 €)","Getränke & Genussmittel","False","https://img.rewe-static.de/4859383/3039040_digital-image.png"
"Spaten München Hell 0,5l","Spaten","4072700005315","1.09","0,50l (1 l = 2,18 €)","Getränke & Genussmittel","False","https://img.rewe-static.de/7634056/27708942_digital-image.png"
"ThirsTea Eistee Wassermelone vegan 0,75l","NA","21887383","0.79","0,75l (1 l = 1,05 €)","Getränke & Genussmittel","False","https://img.rewe-static.de/8664352/35220053_digital-image.png"
"Valensina Mildes Frühstück Orange-Mango-Ananas 6x1l","Valensina","4009491222089","14.94","6x1l (1 l = 2,49 €)","Getränke & Genussmittel","False","https://img.rewe-static.de/8651926/35216884_digital-image.png"
"Black Forest Mineralwasser fein perlend 1l","Black Forest","4104760441946","0.7","1l","Getränke & Genussmittel","False","https://img.rewe-static.de/1355420/20977784_digital-image.png"
"Carlsberg Beer 24x0,33l","Carlsberg","5740600510619","19.99","24x0,33l (1 l = 2,52 €)","Getränke & Genussmittel","False","https://img.rewe-static.de/0967024/22325879_digital-image.png"
"Jack Daniels' mixed with Coca-Cola Zero Sugar 0,33l","Jack Daniel's","5099873026083","2.99","0,33l (1 l = 9,06 €)","Getränke & Genussmittel","False","https://img.rewe-static.de/8970924/40349814_digital-image.png"
"Paderborner Pilsener 20x0,5l","Paderborner","4101120206689","9.99","20x0,50l (1 l = 1 €)","Getränke & Genussmittel","False","https://img.rewe-static.de/4192729/1137030_digital-image.png"
"Evian Premium 0,5l","Evian","3068320113029","0.69","0,50l (1 l = 1,38 €)","Getränke & Genussmittel","False","https://img.rewe-static.de/2666241/28556317_digital-image.png"
"Golden Kaan Rotwein Cabernet Sauvignon Western Cape trocken 0,75l","Golden Kaan","6002323000785","5.49","0,75l (1 l = 7,32 €)","Getränke & Genussmittel","False","https://img.rewe-static.de/7868669/1180010_digital-image.png"
"Marques de Caceres Rotwein Rioja tinto Crianza trocken 0,75l","NA","8410406311006","10.99","0,75l (1 l = 14,65 €)","Getränke & Genussmittel","False","https://img.rewe-static.de/9112391/2676030_digital-image.png"
"Moskovskaya & Lemon 0,33l","Moskovskaya","40535678","2.79","0,33l (1 l = 8,45 €)","Getränke & Genussmittel","False","https://img.rewe-static.de/2555199/24321113_digital-image.png"
"Pfanner Heidelbeere Mirtillo 1l","Pfanner","9006900207717","1.99","1l","Getränke & Genussmittel","False","https://img.rewe-static.de/0729437/6858410_digital-image.png"
"Rauch Happy Day Banane 1l","Happy Day","9008700134460","2.69","1l","Getränke & Genussmittel","False","https://img.rewe-static.de/0474528/2969830_digital-image.png"
"Rauch Happy Day Himbeer Rasberry 1l","Happy Day","9008700170666","2.69","1l","Getränke & Genussmittel","False","https://img.rewe-static.de/2843053/29319035_digital-image.png"
"Veltins Pils alkoholfrei 6x0,33l","Veltins","4005249002378","4.79","6x0,33l (1 l = 2,42 €)","Getränke & Genussmittel","False","https://img.rewe-static.de/7130392/2485370_digital-image.png"
"Astra Kiezmische 27x0,33l","Astra","4101010007488","9.99","27x0,33l (1 l = 1,12 €)","Getränke & Genussmittel","True","https://img.rewe-static.de/3236156/27065687_digital-image.png"
"Berentzen Saurer Apfel 0,7l","Berentzen","4041500037024","7.29","0,70l (1 l = 10,41 €)","Getränke & Genussmittel","False","https://img.rewe-static.de/7800169/860690_digital-image.png"
"Freixenet Rotwein Mederano Tinto lieblich 0,75l","Freixenet","8410384004631","4.49","0,75l (1 l = 5,99 €)","Getränke & Genussmittel","False","https://img.rewe-static.de/3638979/6213810_digital-image.png"
"Gatorade Zero Sugar Fruit Punch Flavour 0,5l","NA","42469193","1.79","0,50l (1 l = 3,58 €)","Getränke & Genussmittel","False","https://img.rewe-static.de/7592328/42827843_digital-image.png"
"Glenmorangie Highland Single Malt Scotch Whisky 0,7l","Glenmorangie","5010494990300","34.99","0,70l (1 l = 49,99 €)","Getränke & Genussmittel","False","https://img.rewe-static.de/9961403/45891442_digital-image.png"
"Gorbatschow Mixed Lemon 0,33l","Gorbatschow","4003310014800","2.99","0,33l (1 l = 9,06 €)","Getränke & Genussmittel","False","https://img.rewe-static.de/2582908/24485685_digital-image.png"
"Hella Limo Himbeer 6x0,75l","Hella","4102380031394","4.74","6x0,75l (1 l = 1,05 €)","Getränke & Genussmittel","False","https://img.rewe-static.de/1999577/27400623_digital-image.png"
"Holsten Edel Nordisch Hell 0,5l","NA","42401001","0.79","0,50l (1 l = 1,58 €)","Getränke & Genussmittel","False","https://img.rewe-static.de/8900037/38949001_digital-image.png"
"Johnnie Walker Whisky & Cola 0,25l","Johnnie Walker","5000267190044","1.99","0,25l (1 l = 7,96 €)","Getränke & Genussmittel","True","https://img.rewe-static.de/8890575/39594099_digital-image.png"
"Mountain Dew Limonade 6x0,5l","Mountain Dew","4062139002344","5.94","6x0,50l (1 l = 1,98 €)","Getränke & Genussmittel","False","https://img.rewe-static.de/7934366/34146406_digital-image.png"
"Negroamaro Puglia Rotwein Santoro trocken 0,75l","NA","8023354041019","3.49","0,75l (1 l = 4,65 €)","Getränke & Genussmittel","False","https://img.rewe-static.de/2177294/24432091_digital-image.png"
"REWE Beste Wahl Bitter Lemon 6x1l","REWE Beste Wahl","4388844147027","5.34","6x1l (1 l = 0,89 €)","Getränke & Genussmittel","False","https://img.rewe-static.de/2149321/37911423_digital-image.png"
"Rauch Happy Day Kirsche Banane 1l","Rauch Happy Day","9008700230285","2.69","1l","Getränke & Genussmittel","False","https://img.rewe-static.de/7612158/42534353_digital-image.png"
"Rauch Yippy Apfel 6x0,33l","Rauch","9008700204187","5.34","6x0,33l","Getränke & Genussmittel","False","https://img.rewe-static.de/8379999/44095726_digital-image.png"
"Roku Japanese Craft Gin 0,7l","Roku Gin","4901777305359","28.99","0,70l (1 l = 41,41 €)","Getränke & Genussmittel","False","https://img.rewe-static.de/7159830/28024276_digital-image.png"
"Schweppes Bitter Lemon 1l","Schweppes","4000140011498","2.19","1l","Getränke & Genussmittel","False","https://img.rewe-static.de/7720840/1775700_digital-image.png"
"Schweppes Virgin Mojito alkoholfrei 1l","Schweppes","4000140716966","2.19","1l","Getränke & Genussmittel","False","https://img.rewe-static.de/8916366/40871286_digital-image.png"
"Veltins Helles Pülleken 0,33l","Veltins","42462989","0.79","0,33l (1 l = 2,39 €)","Getränke & Genussmittel","False","https://img.rewe-static.de/9012463/42603083_digital-image.png"
"Volvic Active Vitamin+ Pfirsich 6x0,75l","Volvic","3057640598753","10.14","6x0,75l (1 l = 2,25 €)","Getränke & Genussmittel","False","https://img.rewe-static.de/9086195/43599288_digital-image.png"
"Volvic Zitrone-Limette 0,75l","Volvic","3057640459818","0.99","0,75l (1 l = 1,32 €)","Getränke & Genussmittel","False","https://img.rewe-static.de/0175134/29524072_digital-image.png"
"Weinmanufaktur Krems Rotwein Blauer Zweigelt trocken 0,75l","Winzer Krems","9005511082270","7.99","0,75l (1 l = 10,65 €)","Getränke & Genussmittel","False","https://img.rewe-static.de/0184543/2074420_digital-image.png"
"Faber Krönung halbtrocken 0,2l","Faber","40758275","1.49","0,20l (1 l = 7,45 €)","Getränke & Genussmittel","False","https://img.rewe-static.de/4539737/2623380_digital-image.png"
"Famiglia Rocca Rotwein Primitivo Susumaniello halbtrocken 0,75l","NA","8005286032853","7.99","0,75l (1 l = 10,65 €)","Getränke & Genussmittel","False","https://img.rewe-static.de/8947021/39417315_digital-image.png"
"Fuze Tea Schwarzer Tee Wassermelone Minze ohne Zucker 6x1,25l","Fuze Tea","5000112583823","10.14","6x1,25l","Getränke & Genussmittel","False","https://img.rewe-static.de/8926879/41863234_digital-image.png"
"Les Vignerons Weißwein Colombard Sauvignon halbtrocken 0,75l","Les Vignerons","3263280127165","2.99","0,75l (1 l = 3,99 €)","Getränke & Genussmittel","False","https://img.rewe-static.de/9098752/44190404_digital-image.png"
"REWE Feine Welt Beerenauslese Weißwein süß 0,375l","REWE Feine Welt","4062073031578","6.99","375ml (1 l = 18,64 €)","Getränke & Genussmittel","False","https://img.rewe-static.de/8968315/40329155_digital-image.png"
"Rotwild Rotwein Dornfelder & Regent QbA süß 0,75l","Rotwild","4003301052484","4.49","0,75l (1 l = 5,99 €)","Getränke & Genussmittel","False","https://img.rewe-static.de/1327273/25276846_digital-image.png"
"Solandia Weißwein Cattaratto-Chardonnay trocken 1l","Solandia","8000160654572","2.99","1l","Getränke & Genussmittel","False","https://img.rewe-static.de/7322620/28040585_digital-image.png"
"Strothmann Weizenkorn 0,7l","Strothmann","4002524130085","6.99","0,70l (1 l = 9,99 €)","Getränke & Genussmittel","False","https://img.rewe-static.de/4917448/20534741_digital-image.png"
"Three Sixty Vodka Black 0,7l","Three Sixty","4007675050008","16.49","0,70l (1 l = 23,56 €)","Getränke & Genussmittel","False","https://img.rewe-static.de/2230691/22688600_digital-image.png"
"Verpoorten Original 0,1l","Verpoorten","40157818","2.99","0,10l (1 l = 29,90 €)","Getränke & Genussmittel","False","https://img.rewe-static.de/4719670/3035100_digital-image.png"
"Vio Mineralwasser Still 6x0,5l","Vio","4100590121584","4.14","6x0,50l (1 l = 1,38 €)","Getränke & Genussmittel","False","https://img.rewe-static.de/2289060/23576628_digital-image.png"
"Wittenseer Iso Sport Vital Bio Grapefruit-Zitrone 12x0,7l","Wittenseer","4014819500763","9.99","12x0,70l (1 l = 1,19 €)","Getränke & Genussmittel","False","https://img.rewe-static.de/2919576/29823346_digital-image.png"
"AriZona Green Tea with Honey 0,5l","Arizona","8718612000111","0.99","0,50l (1 l = 1,98 €)","Getränke & Genussmittel","False","https://img.rewe-static.de/1119825/13713880_digital-image.png"
"Asmussen Feiner alter Asmussen 40% 0,7l","Asmussen","4001255019126","8.99","0,70l (1 l = 12,84 €)","Getränke & Genussmittel","False","https://img.rewe-static.de/0104272/1902870_digital-image.png"
"Bertoldi Rotwein Merlot Barrique Veneto trocken 0,75l","Bertoldi","4008954231590","5.99","0,75l (1 l = 7,99 €)","Getränke & Genussmittel","False","https://img.rewe-static.de/7794716/35816237_digital-image.png"
"Christinen ACE 0,5l","Christinen","4042600395182","1.15","0,50l (1 l = 2,30 €)","Getränke & Genussmittel","False","https://img.rewe-static.de/9948852/45128348_digital-image.png"
"Coca-Cola Cherry ohne Zucker 12x0,5l","Coca-Cola","5449000264657","15.48","12x0,50l (1 l = 2,58 €)","Getränke & Genussmittel","False","https://img.rewe-static.de/8105183/30278127_digital-image.png"
"Dr. Faust Rotwein Nahe Dornfelder lieblich 0,75l","Dr. Faust","4006187900788","5.29","0,75l (1 l = 7,05 €)","Getränke & Genussmittel","False","https://img.rewe-static.de/2519267/2083720_digital-image.png"
"Erdinger Hefeweißbier 0,5l","Erdinger","4002103000013","1.29","0,50l (1 l = 2,58 €)","Getränke & Genussmittel","False","https://img.rewe-static.de/6561136/7447390_digital-image.png"
"Granini Sensation Vanilla Passion 6x0,75l","Granini","4048517679261","13.74","6x0,75l (1 l = 3,05 €)","Getränke & Genussmittel","False","https://img.rewe-static.de/8028808/35522389_digital-image.png"
"Martinazzi Bianco 0,75l","NA","42015543","3.59","0,75l (1 l = 4,79 €)","Getränke & Genussmittel","False","https://img.rewe-static.de/8936125/40640635_digital-image.png"
"Mixery Bier+Cola+X 6x0,33l","Mixery","4002631015626","5.79","6x0,33l (1 l = 2,92 €)","Getränke & Genussmittel","False","https://img.rewe-static.de/3022943/719040_digital-image.png"
"REWE Beste Wahl Frühstücks-Orange-Apfel 6x1l","REWE Beste Wahl","4337256830782","11.94","6x1l (1 l = 1,99 €)","Getränke & Genussmittel","False","https://img.rewe-static.de/7580109/44560920_digital-image.png"
"Rauch Eistee Peach 6x1,5l","Rauch","9008700204286","10.74","6x1,50l (1 l = 7,16 €)","Getränke & Genussmittel","False","https://img.rewe-static.de/8029951/38168340_digital-image.png"
"Schmitzer & Sohn Bio Demeter Roséwein trocken 0,75l","NA","4024967012520","6.99","0,75l (1 l = 9,32 €)","Getränke & Genussmittel","False","https://img.rewe-static.de/7783441/36139018_digital-image.png"
"Schweppes Indian Tonic Water 1l","Schweppes","4000140011528","2.19","1l","Getränke & Genussmittel","False","https://img.rewe-static.de/7720904/7445320_digital-image.png"
"Sprite 0,33l","Sprite","50112135","1.19","0,33l (1 l = 3,61 €)","Getränke & Genussmittel","False","https://img.rewe-static.de/8012857/27707141_digital-image.png"
"Sprite 12x0,5l","Sprite","5449000027368","15.48","12x0,50l (1 l = 2,58 €)","Getränke & Genussmittel","False","https://img.rewe-static.de/2833799/25366114_digital-image.png"
"Tamnavulin Speyside Single Malt Scotch Whisky 0,7l","NA","5013967011557","25.99","0,70l (1 l = 37,13 €)","Getränke & Genussmittel","False","https://img.rewe-static.de/8079742/29246673_digital-image.png"
"Uludag Gazoz Erfrischungsgetränk mit Fruchtgeschmack 0,5l","Uludag Gazoz","8690723163407","1.19","0,50l (1 l = 2,38 €)","Getränke & Genussmittel","False","https://img.rewe-static.de/2082321/22120069_digital-image.png"
"Volvic Bio Tee Matcha Kirschblüten- & Himbeergeschmack 6x0,75l","Volvic","3057640568633","10.14","6x0,75l (1 l = 2,25 €)","Getränke & Genussmittel","False","https://img.rewe-static.de/8295978/30828352_digital-image.png"
"Volvic Tee Wassermelone Zero 1,5l","Volvic","3057640580598","1.89","1,50l (1 l = 1,26 €)","Getränke & Genussmittel","False","https://img.rewe-static.de/7684463/42273750_digital-image.png"
"Becker´s Bester Kirschnektar 1l","beckers bester","4001716014721","3.59","1l","Getränke & Genussmittel","False","https://img.rewe-static.de/7396112/43617460_digital-image.png"
"Budweiser Budvar Premium Lagerbier 0,5l","Budweiser Budvar","8594403110111","1.19","0,50l (1 l = 2,38 €)","Getränke & Genussmittel","False","https://img.rewe-static.de/9206914/7447480_digital-image.png"
"Carducci Grappa Merlot 0,5l","Carducci","4388844006690","5.99","0,50l (1 l = 11,98 €)","Getränke & Genussmittel","False","https://img.rewe-static.de/3775836/1703100_digital-image.png"
"D'Amati Negroamano Merlot Puglia IGP Rotwein trocken 1l","NA","8052783850015","3.99","1l","Getränke & Genussmittel","False","https://img.rewe-static.de/8179424/28077633_digital-image.png"
"ESN Hydorade Sports Drink Iso Cherry 500ml","ESN","4250519670201","1.69","500ml (1 l = 3,38 €)","Getränke & Genussmittel","False","https://img.rewe-static.de/9082284/43875752_digital-image.png"
"Felsengartenkellerei Besigheim Weißwein Trollinger mit Lemberger 1l","Felsengartenkellerei Besigheim","4010333035477","5.19","1l","Getränke & Genussmittel","False","https://img.rewe-static.de/7181984/27351895_digital-image.png"
"Franziskaner Hefe-Weißbier Hell 0,5l","Franziskaner","4072700001126","1.29","0,50l (1 l = 2,58 €)","Getränke & Genussmittel","False","https://img.rewe-static.de/6931057/7446300_digital-image.png"
"Franziskaner Weißbier Blutorange alkoholfrei 6x0,33l","Franziskaner","4072700002475","5.79","6x0,33l (1 l = 2,92 €)","Getränke & Genussmittel","False","https://img.rewe-static.de/2746329/24835044_digital-image.png"
"Fritz-Spritz Bio-Apfelschorle 0,5l","Fritz","4260107222576","2.19","0,50l (1 l = 4,38 €)","Getränke & Genussmittel","False","https://img.rewe-static.de/2390905/30439843_digital-image.png"
"Godefroy von Mumm Riesling Brut 0,75 l","Mumm & Co.","4011900581106","8.99","0,75l (1 l = 11,99 €)","Getränke & Genussmittel","False","https://img.rewe-static.de/7711286/37937200_digital-image.png"
"Heineken Bier 0,4l","Heineken","8712000039370","1.29","0,40l (1 l = 3,23 €)","Getränke & Genussmittel","False","https://img.rewe-static.de/1995991/24177213_digital-image.png"
"Hella Leichte Limo Rhabarber 0,75l","Hella","4102380041300","0.79","0,75l (1 l = 1,05 €)","Getränke & Genussmittel","False","https://img.rewe-static.de/7839288/36572135_digital-image.png"
"Henkell Feiner Sekt trocken 0,2l","Henkell","4003310012363","1.79","0,20l (1 l = 8,95 €)","Getränke & Genussmittel","False","https://img.rewe-static.de/3689956/1865680_digital-image.png"
"Katlenburger Rhabarber Weinschorle 1l","Katlenburger","4001486982015","2.29","1l","Getränke & Genussmittel","False","https://img.rewe-static.de/2673856/24898197_digital-image.png"
"Katlenburger Tropica Sex on the Beach 0,75l","Katlenburger","4001486068054","2.79","0,75l (1 l = 3,72 €)","Getränke & Genussmittel","False","https://img.rewe-static.de/3615960/2084270_digital-image.png"
"Mango Maracuja Limes 0,7l","NA","4337256923453","4.99","0,70l (1 l = 7,13 €)","Getränke & Genussmittel","False","https://img.rewe-static.de/9927688/46815601_digital-image.png"
"Paulaner Spezi 0,33l","Paulaner","4066600203308","0.95","0,33l (1 l = 2,88 €)","Getränke & Genussmittel","False","https://img.rewe-static.de/8407132/34147680_digital-image.png"
"San Pellegrino Mineralwasser Medium 0,5l","San Pellegrino","8002270001857","0.65","0,50l (1 l = 1,30 €)","Getränke & Genussmittel","False","https://img.rewe-static.de/0022681/38133219_digital-image.png"
"SilberQuelle Orange-Karotte-Zitrone 6x1,5l","SilberQuelle","9010800000118","8.94","6x1,50l (1 l = 0,99 €)","Getränke & Genussmittel","False","https://img.rewe-static.de/2118659/31502234_digital-image.png"
"ThirsTea Eistee Mango 0,75l","NA","21899164","0.79","0,75l (1 l = 1,05 €)","Getränke & Genussmittel","False","https://img.rewe-static.de/8841188/37890960_digital-image.png"
"Valensina Milder Apfelsaft 6x1l","Valensina","4009491222102","14.94","6x1l (1 l = 2,49 €)","Getränke & Genussmittel","False","https://img.rewe-static.de/8657375/39362858_digital-image.png"
"Volvic Juicy Multifrucht 6x1l","Volvic","3057640592553","10.74","6x1l (1 l = 1,79 €)","Getränke & Genussmittel","False","https://img.rewe-static.de/9064487/42636260_digital-image.png"
"Absolut Sensation Tropical Fruits 0,7l","Absolut","7312040553037","14.99","0,70l (1 l = 21,41 €)","Getränke & Genussmittel","False","https://img.rewe-static.de/8889393/38631256_digital-image.png"
"Arizona White Tea Blueberry 0,5l","Arizona","8718612000210","0.99","0,50l (1 l = 1,98 €)","Getränke & Genussmittel","False","https://img.rewe-static.de/1119822/16273770_digital-image.png"
"Capri-Sun Multivitamin Zero 0,2l","Capri-Sun","4000177030035","0.59","0,20l","Getränke & Genussmittel","False","https://img.rewe-static.de/9043424/42905710_digital-image.png"
"Coca-Cola Zero Lemon 12x0,5l","Coca-Cola","5449000243119","15.48","12x0,50l (1 l = 2,58 €)","Getränke & Genussmittel","False","https://img.rewe-static.de/8748592/39365856_digital-image.png"
"Cru Bourgeois Rotwein Chateau Clement Saint-Jean Médoc trocken 0,75l","NA","3760052373046","7.99","0,75l (1 l = 10,65 €)","Getränke & Genussmittel","False","https://img.rewe-static.de/1200512/17103050_digital-image.png"
"Dr. Pepper Cola 6x1,25l","Dr Pepper","4000140702792","11.94","6x1,25l (1 l = 1,59 €)","Getränke & Genussmittel","False","https://img.rewe-static.de/9055276/44162463_digital-image.png"
"Dreh und Trink Cola-Mix 0,2l","Dreh und Trink","9015340103572","0.89","0,20l (1 l = 4,45 €)","Getränke & Genussmittel","False","https://img.rewe-static.de/0149656/2878170_digital-image.png"
"Frascati Weißwein Superiore Latium DOC trocken 0,75l","Frascati","8000160658006","2.99","0,75l (1 l = 3,99 €)","Getränke & Genussmittel","False","https://img.rewe-static.de/3111458/3667600_digital-image.png"
"Fuze Tea Schwarzer Tee Pfirsich-Hibiskus 0,4l","Fuze Tea","42116417","1.15","0,40l (1 l = 2,88 €)","Getränke & Genussmittel","False","https://img.rewe-static.de/7175857/27283971_digital-image.png"
"Gerolsteiner Naturell 0,75l","Gerolsteiner","4001513004208","0.85","0,75l (1 l = 1,13 €)","Getränke & Genussmittel","False","https://img.rewe-static.de/1197680/22639488_digital-image.png"
"Gutedel Weißwein Baden Heinrich Hansjakob trocken QbA 1l","NA","4006310215109","3.99","1l","Getränke & Genussmittel","False","https://img.rewe-static.de/0955892/26634452_digital-image.png"
"Hohes C Antiox Water Cassis Minze 6x0,75l","Hohes C","4048517713248","7.74","6x0,75l (1 l = 1,72 €)","Getränke & Genussmittel","False","https://img.rewe-static.de/8776410/36084424_digital-image.png"
"Jever Pilsener 0,5l","Jever","4008948027000","1.29","0,50l (1 l = 2,58 €)","Getränke & Genussmittel","False","https://img.rewe-static.de/7176910/7449070_digital-image.png"
"Kleiner Feigling Sahnelikör Coco Biscuit 0,5l","Kleiner Feigling","4004752252416","7.99","0,50l (1 l = 15,98 €)","Getränke & Genussmittel","False","https://img.rewe-static.de/2065939/22634553_digital-image.png"
"Les Vignerons Rotwein Carignan Syrah L'Enthousiasme trocken 0,75l","Les Vignerons","3263280127004","2.99","0,75l (1 l = 3,99 €)","Getränke & Genussmittel","False","https://img.rewe-static.de/2082638/21883410_digital-image.png"
"Osborne 103 Etiqueta Blanca 0,7l","Osborne","8410337055086","12.99","0,70l (1 l = 18,56 €)","Getränke & Genussmittel","False","https://img.rewe-static.de/2147828/22240333_digital-image.png"
"Pallini Limoncello Liqueur 0,5l","NA","8005713352646","14.99","0,50l (1 l = 29,98 €)","Getränke & Genussmittel","False","https://img.rewe-static.de/2022860/25321953_digital-image.png"
"Paulaner Hefe-Weißbier alkoholfrei 0,5l","Paulaner","4066600641919","1.29","0,50l (1 l = 2,58 €)","Getränke & Genussmittel","False","https://img.rewe-static.de/8789720/21376339_digital-image.png"
"Piwi Weißwein Cabernet Blanc trocken vegan 0,75l","NA","4002287016251","5.49","0,75l (1 l = 7,32 €)","Getränke & Genussmittel","False","https://img.rewe-static.de/7925478/32514239_digital-image.png"
"REWE Feine Welt Aperitivo Bitter 0,7l","REWE Feine Welt","4337256565349","8.99","0,70l (1 l = 12,84 €)","Getränke & Genussmittel","False","https://img.rewe-static.de/8877543/38379245_digital-image.png"
"Ranch Wood Whiskey & Cola 0,33l","NA","4337256895293","1.69","0,33l (1 l = 5,12 €)","Getränke & Genussmittel","False","https://img.rewe-static.de/1398104/20478852_digital-image.png"
"Störtebeker Bernstein-Weizen 0,5l","Störtebeker","4014807202044","1.39","0,50l (1 l = 2,78 €)","Getränke & Genussmittel","False","https://img.rewe-static.de/0076295/26269120_digital-image.png"
"Veltins Fassbrause Holunder 6x0,33l","Veltins","4005249002668","4.79","6x0,33l (1 l = 2,42 €)","Getränke & Genussmittel","False","https://img.rewe-static.de/1280378/17221840_digital-image.png"
"Vilsa Naturelle 6x0,75l","Vilsa","4104450065599","3.3","6x0,75l (1 l = 0,73 €)","Getränke & Genussmittel","False","https://img.rewe-static.de/0898423/7094000_digital-image.png"
"Volvic Bio Mineralwasser Orange-Holunderblüte 6x0,75l","Volvic","3057640539763","8.34","6x0,75l (1 l = 1,85 €)","Getränke & Genussmittel","False","https://img.rewe-static.de/8023054/31210055_digital-image.png"
"Volvic essence Bio Zitrusfrucht-Rosmarin 6x0,75l","Volvic","3057640503948","8.34","6x0,75l (1 l = 1,85 €)","Getränke & Genussmittel","False","https://img.rewe-static.de/7208002/28373030_digital-image.png"
"Wodka Gorbatschow 0,1l","Wodka Gorbatschow","4003310011458","1.99","0,10l (1 l = 19,90 €)","Getränke & Genussmittel","False","https://img.rewe-static.de/1987726/21528590_digital-image.png"
"Boscabana Ice Lemon 275ml","Boscabana","4388844144811","0.99","275ml (1 l = 3,60 €)","Getränke & Genussmittel","False","https://img.rewe-static.de/2143493/23319729_digital-image.png"
"Contessa Marina Rotwein Merlot Primitivo trocken 0,75l","Contessa Marina","4008954231637","7.49","0,75l (1 l = 9,99 €)","Getränke & Genussmittel","False","https://img.rewe-static.de/8753971/35816238_digital-image.png"
"Dr. Pepper Cherry 6x1,25l","Dr Pepper","4000140718106","11.94","6x1,25l (1 l = 1,59 €)","Getränke & Genussmittel","False","https://img.rewe-static.de/9052353/44162787_digital-image.png"
"El Cortez Rotwein Xo trocken 0,75l","NA","8410744012221","6.99","0,75l (1 l = 9,32 €)","Getränke & Genussmittel","False","https://img.rewe-static.de/8631194/34010122_digital-image.png"
"Gerolsteiner Sprudel 1l","Gerolsteiner","4001513000613","0.99","1l","Getränke & Genussmittel","False","https://img.rewe-static.de/5312167/7445060_digital-image.png"
"Greizer Blue Curacao 0,5l","Greizer","4012331416043","4.99","0,50l (1 l = 9,98 €)","Getränke & Genussmittel","False","https://img.rewe-static.de/5031540/777360_digital-image.png"
"Gösser Natur Radler 0,5l","Gösser","90288104","1.49","0,50l (1 l = 2,98 €)","Getränke & Genussmittel","False","https://img.rewe-static.de/1936058/26530342_digital-image.png"
"Hella Mineralwasser Medium 0,75l","Hella","4102380027922","0.59","0,75l (1 l = 0,79 €)","Getränke & Genussmittel","False","https://img.rewe-static.de/0841895/10992580_digital-image.png"
"Hohes C Milder Roter Multi 6x1l","Hohes C","4048517742958","14.94","6x1l (1 l = 2,49 €)","Getränke & Genussmittel","False","https://img.rewe-static.de/8933165/39730734_digital-image.png"
"Kaliskaya Pink Grapefruit Likör 0,7l","Kaliskaya","4337256322775","3.49","0,70l (1 l = 4,99 €)","Getränke & Genussmittel","False","https://img.rewe-static.de/7827550/35647685_digital-image.png"
"Kleiner Feigling 0,5l","Kleiner Feigling","4004752252492","7.99","0,50l (1 l = 15,98 €)","Getränke & Genussmittel","False","https://img.rewe-static.de/2065945/22363580_digital-image.png"
"Kleiner Kopfer Lady Mix 16-17% 25x20ml","Kleiner Klopfer","4029884011922","10.49","25x0,02l (1 l = 20,98 €)","Getränke & Genussmittel","False","https://img.rewe-static.de/2061482/23515860_digital-image.png"
"Trapiche Oak Cask Rotwein Malbec trocken 0,75l","Trapiche","7790240072808","7.99","0,75l (1 l = 10,65 €)","Getränke & Genussmittel","False","https://img.rewe-static.de/0697492/1245510_digital-image.png"
"Veltins Biermix V+ Energy mit Guarana 6x0,33l","Veltins","4005249005393","4.79","6x0,33l (1 l = 2,42 €)","Getränke & Genussmittel","False","https://img.rewe-static.de/1011995/6782940_digital-image.png"
"Allgäuer Büble Bayrisch Hell 0,5l","Allgäuer Büble","4103210274547","1.39","0,50l (1 l = 2,78 €)","Getränke & Genussmittel","False","https://img.rewe-static.de/1324463/28132066_digital-image.png"
"Almdudler Almwinter Fruchtglühwein 0,75l","Almdudler","4001486901009","3.99","0,75l (1 l = 5,32 €)","Getränke & Genussmittel","False","https://img.rewe-static.de/7647534/40555378_digital-image.png"
"Beckers Bester Bananennektar 1l","beckers bester","4001716014622","2.49","1l","Getränke & Genussmittel","False","https://img.rewe-static.de/7396490/26302032_digital-image.png"
"Benediktiner Hell 0,5l","Benediktiner","4052197003599","1.35","0,50l (1 l = 2,70 €)","Getränke & Genussmittel","False","https://img.rewe-static.de/3252206/28085434_digital-image.png"
"Bordeaux rotwein Merlot AOP 0,75l","NA","3500610140747","4.99","0,75l (1 l = 6,65 €)","Getränke & Genussmittel","False","https://img.rewe-static.de/8347408/30066191_digital-image.png"
"Bullit Energydrink 6x1,5l","Bullit","4388816155111","8.94","6x1,50l (1 l = 0,99 €)","Getränke & Genussmittel","False","https://img.rewe-static.de/1226799/24847439_digital-image.png"
"Chateau la Boutignane Bio Rotwein trocken 0,75l","NA","3500610153617","7.99","0,75l (1 l = 10,65 €)","Getränke & Genussmittel","False","https://img.rewe-static.de/7884058/33508814_digital-image.png"
"Coca-Cola Vanilla ohne Zucker 12x0,5l","Coca-Cola","5449000264701","15.48","12x0,50l (1 l = 2,58 €)","Getränke & Genussmittel","False","https://img.rewe-static.de/8259478/30279964_digital-image.png"
"Fürst Bismarck Mineralwasser still 6x0,5l","Fürst Bismarck","4102380500319","3.54","6x0,50l (1 l = 1,18 €)","Getränke & Genussmittel","False","https://img.rewe-static.de/0438380/6409140_digital-image.png"
"Gerolsteiner Medium 1l","Gerolsteiner","4001513000620","0.99","1l","Getränke & Genussmittel","False","https://img.rewe-static.de/5311969/7449270_digital-image.png"
"Jim Beam Apple 0,7l","Jim Beam","5060045590053","15.99","0,70l (1 l = 22,84 €)","Getränke & Genussmittel","False","https://img.rewe-static.de/7905470/32477393_digital-image.png"
"Katlenburger Heißer Met Honig-Glühwein 1l","Katlenburger","4001486910704","4.99","0,75l (1 l = 6,65 €)","Getränke & Genussmittel","False","https://img.rewe-static.de/3419355/1709040_digital-image.png"
"Kleiner Klopfer Crazy Mix 25x0,02l","Kleiner Klopfer","4029884011939","10.49","25x0,02l (1 l = 20,98 €)","Getränke & Genussmittel","False","https://img.rewe-static.de/1493842/20722498_digital-image.png"
"Krombacher's Fassbrause Holunder 0,33l","Krombacher","4008287901740","0.99","0,33l (1 l = 3 €)","Getränke & Genussmittel","False","https://img.rewe-static.de/1370670/20345801_digital-image.png"
"Mezzo Mix 12x0,5l","Mezzo Mix","5449000957627","15.48","12x0,50l (1 l = 2,58 €)","Getränke & Genussmittel","False","https://img.rewe-static.de/2833798/25366109_digital-image.png"
"Mezzo Mix 4x0,5l","Mezzo Mix","5449000086372","4.76","4x0,50l (1 l = 2,38 €)","Getränke & Genussmittel","False","https://img.rewe-static.de/2797392/26611684_digital-image.png"
"Mönchshof Bayerisch Hell 0,5l","Mönchshof","4082100003453","1.19","0,50l (1 l = 2,38 €)","Getränke & Genussmittel","False","https://img.rewe-static.de/1099937/27500360_digital-image.png"
"REWE Water+ Himbeer-Grapefruit 6x0,5l","REWE","4337256735902","5.94","6x0,50l","Getränke & Genussmittel","False","https://img.rewe-static.de/9011852/43392918_digital-image.png"
"Schweppes Pomegranate 6x1,25l","Schweppes","4000140719004","8.94","6x1,25l (1 l = 1,19 €)","Getränke & Genussmittel","True","https://img.rewe-static.de/9032349/44320642_digital-image.png"
"Vilsa Medium 1l","Vilsa","4104450004086","0.85","1l","Getränke & Genussmittel","False","https://img.rewe-static.de/8188840/33376779_digital-image.png"
"Vilsa Mineralwasser Classic 0,75l","Vilsa","4104450005571","0.55","0,75l (1 l = 0,73 €)","Getränke & Genussmittel","False","https://img.rewe-static.de/0898409/9690020_digital-image.png"
"Volvic Tee Rote Früchte 6x0,75l","Volvic","3057640580093","5.94","6x0,75l","Getränke & Genussmittel","False","https://img.rewe-static.de/8929861/44019149_digital-image.png"
"Zoladkowa de Luxe Vodka 0,7l","NA","5902573011788","10.99","0,70l (1 l = 15,70 €)","Getränke & Genussmittel","False","https://img.rewe-static.de/9068697/43746794_digital-image.png"
"Allgäuer Büble Edelbräu 0,5l","Allgäuer Büble","4103210001297","1.39","0,50l (1 l = 2,78 €)","Getränke & Genussmittel","False","https://img.rewe-static.de/0436680/26274725_digital-image.png"
"Baden Weißwein Blanc de Noir QbA trocken 0,75l","Baden","4260686460116","4.99","0,75l (1 l = 6,65 €)","Getränke & Genussmittel","False","https://img.rewe-static.de/8577219/40875816_digital-image.png"
"Beck's Pils 0,5l","Beck's","41001318","1.19","0,50l (1 l = 2,38 €)","Getränke & Genussmittel","False","https://img.rewe-static.de/7176813/7447760_digital-image.png"
"Beckers Bester Traubensaft rot 1l","beckers bester","4001716014028","2.49","1l","Getränke & Genussmittel","False","https://img.rewe-static.de/7396015/22712044_digital-image.png"
"Berentzen Maracuja 0,7l","Berentzen","4041500055028","7.29","0,70l (1 l = 10,41 €)","Getränke & Genussmittel","False","https://img.rewe-static.de/3787737/27809117_digital-image.png"
"Carlsberg Lagerbier alkoholfrei 0,33l","Carlsberg","4101010010648","1.19","0,33l","Getränke & Genussmittel","False","https://img.rewe-static.de/8702201/42802055_digital-image.png"
"Crown Yard Pink Gin 0,5l","Crown Yard","4337256805766","8.99","0,50l","Getränke & Genussmittel","False","https://img.rewe-static.de/7589758/44594846_digital-image.png"
"Dos Mas Beerenlikör Fruity Berry Pink Shot 0,7l","DOS MAS","4025127089727","7.49","0,70l (1 l = 10,70 €)","Getränke & Genussmittel","False","https://img.rewe-static.de/8500130/31458748_digital-image.png"
"Effect Vodka & Açaí 0,33l","Effect","4025127089864","2.59","0,33l (1 l = 7,85 €)","Getränke & Genussmittel","False","https://img.rewe-static.de/3668640/32419664_digital-image.png"
"Fuze Tea Grüner Tee Blaubeere Lavendel ohne Zucker 0,4l","Fuze Tea","5449000032157","1.15","0,40l (1 l = 2,88 €)","Getränke & Genussmittel","False","https://img.rewe-static.de/8907698/39281807_digital-image.png"
"Fürst Bismarck Wellplus Balance 6x0,5l","Fürst Bismarck","4102380503631","5.34","6x0,50l","Getränke & Genussmittel","False","https://img.rewe-static.de/7597519/43406452_digital-image.png"
"Grünfink Fliederbeersaft Holunderbeersaft 0,75l","Grünfink","4105550288406","2.79","750ml (1 l = 3,72 €)","Getränke & Genussmittel","False","https://img.rewe-static.de/8863225/39362952_digital-image.png"
"Heineken 0,25l","Heineken","8712000900205","0.99","0,25l (1 l = 3,96 €)","Getränke & Genussmittel","False","https://img.rewe-static.de/1443674/26536065_digital-image.png"
"Kapuziner Weißbier 0,5l","Kapuziner","40821122","1.29","0,50l (1 l = 2,58 €)","Getränke & Genussmittel","False","https://img.rewe-static.de/0406060/24283253_digital-image.png"
"Kleine Reblaus trocken 3x0,2l","Kleine Reblaus","4001681001214","2.99","3x0,20l (1 l = 4,98 €)","Getränke & Genussmittel","False","https://img.rewe-static.de/1245180/2975410_digital-image.png"
"Krombacher Spezi 0,5l","Krombacher","4008287949681","1.09","0,50l (1 l = 2,18 €)","Getränke & Genussmittel","False","https://img.rewe-static.de/8928046/40803311_digital-image.png"
"Lauffener Weingärtner Weißwein Grauburgunder QbA trocken 0,75l","Lauffener","4005670545000","5.79","0,75l (1 l = 7,72 €)","Getränke & Genussmittel","False","https://img.rewe-static.de/0824525/21733947_digital-image.png"
"Medinet Rotwein L'étoile du Sud Rouge halbtrocken 1l","Medinet","4001432019239","4.29","1l","Getränke & Genussmittel","False","https://img.rewe-static.de/8922578/1905000_digital-image.png"
"Paulaner Münchner Hell 0,5l","Paulaner","4066600251101","1.19","0,50l (1 l = 2,38 €)","Getränke & Genussmittel","False","https://img.rewe-static.de/8420213/32556713_digital-image.png"
"Paulaner Salvator 0,5l","Paulaner","4066600641803","1.39","0,50l (1 l = 2,78 €)","Getränke & Genussmittel","False","https://img.rewe-static.de/7615701/7448020_digital-image.png"
"REWE Water+ Apfel-Kiwi 6x0,5l","REWE","4337256739566","5.94","6x0,50l","Getränke & Genussmittel","False","https://img.rewe-static.de/9012649/43392920_digital-image.png"
"Rauch Eistee Pfirsich Zero 6x1,5l","Rauch","9008700204323","10.74","6x1,50l (1 l = 1,19 €)","Getränke & Genussmittel","False","https://img.rewe-static.de/8389077/44252918_digital-image.png"
"Rauch Happy Day Bananennektar 0,8l","Rauch Happy Day","9008700227162","1.99","0,80l (1 l = 2,49 €)","Getränke & Genussmittel","False","https://img.rewe-static.de/7603980/43100723_digital-image.png"
"Schöfferhofer Hefeweizen 0,5l","Schöfferhofer","4053400001159","1.19","0,50l (1 l = 2,38 €)","Getränke & Genussmittel","False","https://img.rewe-static.de/6749810/667200_digital-image.png"
"Schöfferhofer Weizen 0,0% alkoholfrei 0,5l","Schöfferhofer","4053400201597","1.19","0,50l (1 l = 2,38 €)","Getränke & Genussmittel","False","https://img.rewe-static.de/8411628/33235379_digital-image.png"
"Sinalco Cola Mix 6x1,25l","Sinalco","4018715062868","6.54","6x1,25l (1 l = 0,87 €)","Getränke & Genussmittel","False","https://img.rewe-static.de/0065012/11281080_digital-image.png"
"Vilsa Classic 6x0,75l","Vilsa","4104450065575","3.3","6x0,75l (1 l = 0,73 €)","Getränke & Genussmittel","False","https://img.rewe-static.de/0898412/7093950_digital-image.png"
"Vilsa Mineralwasser Medium 0,75l","Vilsa","4104450005588","0.55","0,75l (1 l = 0,73 €)","Getränke & Genussmittel","False","https://img.rewe-static.de/0898421/7446500_digital-image.png"
"Vilsa Mineralwasser Still 0,75l","Vilsa","4104450005595","0.55","0,75l (1 l = 0,73 €)","Getränke & Genussmittel","False","https://img.rewe-static.de/0898425/9691340_digital-image.png"
"Bacardi Carta Negra 0,7l","Bacardi","7610113004470","14.49","0,70l (1 l = 20,70 €)","Getränke & Genussmittel","False","https://img.rewe-static.de/7276313/28596712_digital-image.png"
"Bombay Sapphire Gin Tonic 0,25l","Bombay","7640175742485","3.29","0,25l (1 l = 13,16 €)","Getränke & Genussmittel","False","https://img.rewe-static.de/8399036/32202785_digital-image.png"
"Boscabana Energy 275ml","Boscabana","4388860058871","0.99","275ml (1 l = 3,60 €)","Getränke & Genussmittel","False","https://img.rewe-static.de/7148522/27102322_digital-image.png"
"Diebels Alt 6x0,33l","Diebels","4001479285529","4.79","6x0,33l (1 l = 2,42 €)","Getränke & Genussmittel","False","https://img.rewe-static.de/7397399/3337930_digital-image.png"
"Dreh und Trink Apfel 0,2l","Dreh und Trink","9015340103527","0.89","0,20l (1 l = 4,45 €)","Getränke & Genussmittel","False","https://img.rewe-static.de/6208002/21589185_digital-image.png"
"Echter Nordhäuser Reiche Ernte Williamsbirne 0,5l","Echter Nordhäuser","4400065463202","7.79","0,50l (1 l = 15,58 €)","Getränke & Genussmittel","False","https://img.rewe-static.de/5130298/3843620_digital-image.png"
"Felix Solis Weißwein Autentica Rueda 0,75l","NA","8410702066143","3.99","0,75l (1 l = 5,32 €)","Getränke & Genussmittel","False","https://img.rewe-static.de/9072708/43626071_digital-image.png"
"Flensburger Pilsener 0,33l","Flensburger","41030806","1.09","0,33l (1 l = 3,30 €)","Getränke & Genussmittel","False","https://img.rewe-static.de/6561594/7582620_digital-image.png"
"Frische Brise Zitronenlimonade 0,7l","Frische Brise","4102380502115","0.49","0,70l (1 l = 0,70 €)","Getränke & Genussmittel","False","https://img.rewe-static.de/0919896/27485873_digital-image.png"
"Gerolsteiner Lemon 1,5l","Gerolsteiner","4001513001504","0.99","1,50l (1 l = 0,66 €)","Getränke & Genussmittel","False","https://img.rewe-static.de/7589691/43090328_digital-image.png"
"Gerolsteiner Wasser mit Beerengeschmack 6x0,75l","Gerolsteiner","4001513104212","7.14","6x0,75l (1 l = 1,59 €)","Getränke & Genussmittel","False","https://img.rewe-static.de/7774110/35394854_digital-image.png"
"Granini Selection Mango 6x0,75l","Granini","4048517742477","13.74","6x0,75l (1 l = 3,05 €)","Getränke & Genussmittel","False","https://img.rewe-static.de/7681034/41164666_digital-image.png"
"J.P. Chenet Weißwein Sauvignont halbtrocken 0,25l","J.P. Chenet","3263286324223","1.99","0,25l (1 l = 7,96 €)","Getränke & Genussmittel","False","https://img.rewe-static.de/8498822/6741060_digital-image.png"
"Jever Pilsener 0,5l","Jever","4053400257501","0.99","0,50l (1 l = 1,98 €)","Getränke & Genussmittel","False","https://img.rewe-static.de/0017029/20915142_digital-image.png"
"Jägermeister Kräuter Likör 0,1l","Jägermeister","40677033","2.99","0,10l (1 l = 29,90 €)","Getränke & Genussmittel","False","https://img.rewe-static.de/4622189/3783330_digital-image.png"
"Kaliskaya Wodka 0,095l","Kaliskaya","4337256357715","1.25","95ml (1 l = 13,16 €)","Getränke & Genussmittel","False","https://img.rewe-static.de/7855045/35450889_digital-image.png"
"Krombacher Natur Radler alkoholfrei 0,33l","Krombacher","4008287950304","0.99","0,33l","Getränke & Genussmittel","False","https://img.rewe-static.de/8915972/43747922_digital-image.png"
"Krombacher Naturtrübes Dunkel 6x0,33l","Krombacher","4008287910698","4.79","6x0,33l (1 l = 2,42 €)","Getränke & Genussmittel","False","https://img.rewe-static.de/3029251/26257843_digital-image.png"
"Krombacher Pils 11x0,5l","Krombacher","4008287051117","10.29","11x0,50l (1 l = 1,87 €)","Getränke & Genussmittel","False","https://img.rewe-static.de/0276936/3138890_digital-image.png"
"Krombacher's Fassbrause Schwarze Johannisbeere 0,33l","Krombacher","4008287910353","0.99","0,33l (1 l = 3 €)","Getränke & Genussmittel","False","https://img.rewe-static.de/2780482/31504464_digital-image.png"
"Lauffener Weingärtner Rotwein Katzenbeisser Samtrot QbA halbtrocken 0,75l","Lauffener","4005670052010","5.29","0,75l (1 l = 7,05 €)","Getränke & Genussmittel","False","https://img.rewe-static.de/2909243/657390_digital-image.png"
"Mönchshof Bayerisch hell 20x0,5l","Mönchshof","4082100003408","16.99","20x0,50l (1 l = 1,70 €)","Getränke & Genussmittel","False","https://img.rewe-static.de/1099942/9938620_digital-image.png"
"Nordbrand Pfefferminzlikör Pfeffi 0,1l","Nordbrand Nordhausen","4400065403406","1.19","0,10l (1 l = 11,90 €)","Getränke & Genussmittel","False","https://img.rewe-static.de/2042843/20248146_digital-image.png"
"Pilsner Urquell 0,5l","Pilsner Urquell","8594404110110","1.29","0,50l (1 l = 2,58 €)","Getränke & Genussmittel","False","https://img.rewe-static.de/9798293/7444180_digital-image.png"
"Punica Multivitamin 6x1l","Punica","4260449695342","11.99","6x1l","Getränke & Genussmittel","False","https://img.rewe-static.de/9078823/43540457_digital-image.png"
"Santa Cristina Rotwein Annata trocken 0,75l","Santa Cristina","8001935361404","8.99","0,75l (1 l = 11,99 €)","Getränke & Genussmittel","False","https://img.rewe-static.de/5476232/6222490_digital-image.png"
"Schweppes Bitter Lemon Zero 1l","Schweppes","4000140710667","2.19","1l","Getränke & Genussmittel","False","https://img.rewe-static.de/8195742/31504535_digital-image.png"
"Schweppes Bitter Orange 1l","Schweppes","4000140011603","2.19","1l","Getränke & Genussmittel","False","https://img.rewe-static.de/7721447/6360710_digital-image.png"
"Sontino Bio Rotwein Sangiovese vegan 0,75l","Sontino Sangiovese Bio","4001432679037","5.49","0,75l (1 l = 7,32 €)","Getränke & Genussmittel","False","https://img.rewe-static.de/7791959/35816374_digital-image.png"
"Suntory -196 Vodka Double Lemon 0,33l","Suntory","5010278104619","3.29","0,33l (1 l = 9,97 €)","Getränke & Genussmittel","False","https://img.rewe-static.de/9051832/42493435_digital-image.png"
"Vilsa Mineralwasser Classic 1l","Vilsa","4104450004079","0.85","1l","Getränke & Genussmittel","False","https://img.rewe-static.de/8188769/7879590_digital-image.png"
"Volvic Bio Tee Pfirsichgeschmack 4x1,25l","Volvic","3057640568978","9.16","4x1,25l (1 l = 1,83 €)","Getränke & Genussmittel","False","https://img.rewe-static.de/7826166/37868743_digital-image.png"
"Volvic Tee Pfirsichgeschmack Bio 6x0,75l","Volvic","3057640560378","10.14","6x0,75l (1 l = 2,25 €)","Getränke & Genussmittel","False","https://img.rewe-static.de/7925519/33054463_digital-image.png"
"Wicküler Pilsener 6x0,33l","Wicküler","4079600222163","3.79","6x0,33l (1 l = 1,91 €)","Getränke & Genussmittel","False","https://img.rewe-static.de/5715083/3055910_digital-image.png"
"Württemberg Süß und Fruchtig Weißwein Riesling QbA 0,25l","Weingut Klundt","4006840249407","1.99","0,25l","Getränke & Genussmittel","False","https://img.rewe-static.de/1395763/38552088_digital-image.png"
"Yellow Tail Moscato Weißwein süß 0,75l","[ yellow tail ]","9322214011407","5.49","0,75l (1 l = 7,32 €)","Getränke & Genussmittel","False","https://img.rewe-static.de/7202062/29377125_digital-image.png"
"AriZona Green Tea Pomegranate 0,5l","Arizona","8718612000166","0.99","0,50l (1 l = 1,98 €)","Getränke & Genussmittel","False","https://img.rewe-static.de/1119832/11857260_digital-image.png"
"Bismarck natürliches Mineralwasser Classic 1,5l","Fürst Bismarck","4102380501064","0.6","1,50l (1 l = 0,40 €)","Getränke & Genussmittel","True","https://img.rewe-static.de/0187415/3300550_digital-image.png"
"Bismarck natürliches Mineralwasser Still 1,5l","Fürst Bismarck","4102380501125","0.6","1,50l (1 l = 0,40 €)","Getränke & Genussmittel","True","https://img.rewe-static.de/0187417/22002391_digital-image.png"
"Bitburger Pils 0,5l","Bitburger","4102430015008","1.09","0,50l (1 l = 2,18 €)","Getränke & Genussmittel","False","https://img.rewe-static.de/6561535/7447340_digital-image.png"
"Bree Spritz Typ Wildberry 0,25l","Bree","4062073999236","2.49","0,25l","Getränke & Genussmittel","False","https://img.rewe-static.de/9076691/42955572_digital-image.png"
"Captain Barbossa Rum & Cola 0,33l","Captain Morgan","4337256896009","1.69","0,33l","Getränke & Genussmittel","False","https://img.rewe-static.de/9075404/44191178_digital-image.png"
"Chateau Timberlay Rotwein Merlot Cabernet Sauvignon trocken 0,75l","NA","3500610138904","4.99","0,75l (1 l = 6,65 €)","Getränke & Genussmittel","False","https://img.rewe-static.de/8456427/31375814_digital-image.png"
"Dirty Harry Lakritz-Likör 0,5l","Dirty Harry","4038600054099","7.49","0,50l (1 l = 14,98 €)","Getränke & Genussmittel","False","https://img.rewe-static.de/0465399/9265390_digital-image.png"
"Doppio Passo Weißwein halbtrocken alkoholfrei 0,75l","NA","4002859125824","7.99","0,75l","Getränke & Genussmittel","False","https://img.rewe-static.de/9054266/44009966_digital-image.png"
"Duckstein Original 0,5l","Duckstein Original","42103073","2.09","0,50l (1 l = 4,18 €)","Getränke & Genussmittel","False","https://img.rewe-static.de/5051681/7449060_digital-image.png"
"Effect Energy Drink 6x1l","Effect","4025127020447","15.54","6x1l (1 l = 2,59 €)","Getränke & Genussmittel","False","https://img.rewe-static.de/0079991/22479114_digital-image.png"
"Erdinger Weißbier alkoholfrei 0,33l","Erdinger","4002103217275","1.09","0,33l (1 l = 3,30 €)","Getränke & Genussmittel","False","https://img.rewe-static.de/0698456/28030373_digital-image.png"
"Fanta Orange ohne Zucker 12x0,5l","Fanta","5449000213099","15.48","12x0,50l (1 l = 2,58 €)","Getränke & Genussmittel","False","https://img.rewe-static.de/2956351/29368808_digital-image.png"
"Finvara The King's Gambit Triple Distilled Irish Whiskey 0,7l","NA","4002547177869","29.99","0,70l (1 l = 42,84 €)","Getränke & Genussmittel","False","https://img.rewe-static.de/8960499/39965214_digital-image.png"
"Five Lakes Special Vodka 0,7l","Five Lakes","5298001500055","11.99","0,70l (1 l = 17,13 €)","Getränke & Genussmittel","False","https://img.rewe-static.de/1088983/22581476_digital-image.png"
"Flensburger Frei alkoholfrei 0,33l","Flensburger","41030844","1.09","0,33l (1 l = 3,30 €)","Getränke & Genussmittel","False","https://img.rewe-static.de/9142347/27485847_digital-image.png"
"Frische Brise Zitronenlimonade 12x0,7l","Frische Brise","4102380501415","4.99","12x0,70l (1 l = 0,59 €)","Getränke & Genussmittel","False","https://img.rewe-static.de/0919870/5319750_digital-image.png"
"Gin Sul Dry Gin 0,5l","Gin Sul","4260372980010","35.99","0,50l (1 l = 71,98 €)","Getränke & Genussmittel","False","https://img.rewe-static.de/2221002/25402555_digital-image.png"
"Granini Pfirsich 6x1l","Granini","4048517752131","13.74","6x1l (1 l = 2,29 €)","Getränke & Genussmittel","False","https://img.rewe-static.de/8935534/40871193_digital-image.png"
"Havana Club Rum mit Mango & Lime 0,7l","Havana Club","8501110083249","14.99","0,70l (1 l = 21,41 €)","Getränke & Genussmittel","False","https://img.rewe-static.de/7579427/43600626_digital-image.png"
"Hohes C All-In-One Everyday 6x0,85l","Hohes C","4048517757334","14.94","6x0,85l (1 l = 2,93 €)","Getränke & Genussmittel","False","https://img.rewe-static.de/9097571/44163454_digital-image.png"
"Jagdfürst Kräuterlikör 4x0,02l","Jagdfürst","4337256500760","1.49","4x0,02l (1 l = 18,63 €)","Getränke & Genussmittel","False","https://img.rewe-static.de/8820366/41166249_digital-image.png"
"Jim Beam Kentucky Style Cocktail Black Cherry 0,33l","Jim Beam","5010278102769","2.69","0,33l (1 l = 8,15 €)","Getränke & Genussmittel","False","https://img.rewe-static.de/8912543/38859711_digital-image.png"
"Kilkenny Ale 6x0,33l","Kilkenny","4053400011417","6.49","6x0,33l (1 l = 3,28 €)","Getränke & Genussmittel","False","https://img.rewe-static.de/1984517/22457055_digital-image.png"
"Kuemmerling Kräuterlikör 0,5l","Kuemmerling","4002645000182","8.49","0,50l (1 l = 16,98 €)","Getränke & Genussmittel","False","https://img.rewe-static.de/0318353/1741860_digital-image.png"
"Lauffener Katzenbeisser Rotwein Trollinger QbA trocken 0,75l","Lauffener","4005670022211","5.29","0,75l (1 l = 7,05 €)","Getränke & Genussmittel","False","https://img.rewe-static.de/7359390/21669335_digital-image.png"
"Moloko Limonade Mango + Kalamansi 0,25l","Moloko","4051454000753","1.39","0,25l (1 l = 5,56 €)","Getränke & Genussmittel","False","https://img.rewe-static.de/8949356/39797637_digital-image.png"
"Monin Sirup Himbeere 0,25l","Monin","3052911606984","3.99","0,25l (1 l = 15,96 €)","Getränke & Genussmittel","False","https://img.rewe-static.de/8896330/22583675_digital-image.png"
"Nordlicht Landbier Mild 0,33l","Nordlicht","4388860702804","0.55","0,33l (1 l = 1,67 €)","Getränke & Genussmittel","False","https://img.rewe-static.de/8050409/29929132_digital-image.png"
"Punica Fruchtig Rot 6xl","Punica","4260449695281","11.99","6x1l","Getränke & Genussmittel","False","https://img.rewe-static.de/7587948/43540451_digital-image.png"
"Rotkäppchen Sekt Rosé trocken 6x0,75l","Rotkäppchen-Mumm","4014741053818","29.94","6x0,75l (1 l = 6,65 €)","Getränke & Genussmittel","False","https://img.rewe-static.de/1215999/17515930_digital-image.png"
"Rotkäppchen Sekt halbtrocken 6x0,75l","Rotkäppchen-Mumm","4400066953535","29.94","6x0,75l (1 l = 6,65 €)","Getränke & Genussmittel","False","https://img.rewe-static.de/1215997/17516050_digital-image.png"
"Rotkäppchen Sekt trocken 6x0,75l","Rotkäppchen-Mumm","4400066953412","29.94","6x0,75l (1 l = 6,65 €)","Getränke & Genussmittel","False","https://img.rewe-static.de/1215994/17516090_digital-image.png"
"Rotwild Rosé Pinot Noir QbA feinherb 0,25l","Rotwild","4062073033374","1.49","0,25l","Getränke & Genussmittel","False","https://img.rewe-static.de/9113778/44321384_digital-image.png"
"Rubicone Sekt Moscato Frizzante IGT 0,75l","NA","4337256729833","2.99","0,75l (1 l = 3,99 €)","Getränke & Genussmittel","False","https://img.rewe-static.de/9008237/42493540_digital-image.png"
"Schwalbenkranz Rotwein Schwarze Mädchentraube Merlot lieblich 0,75l","Schwalbenkranz","4008093012418","2.99","0,75l (1 l = 3,99 €)","Getränke & Genussmittel","False","https://img.rewe-static.de/0195650/42402397_digital-image.png"
"Schöfferhofer Grapefruit Hefeweizen alkoholfrei 4x6x0,33l","Schöfferhofer","4053400181837","19.96","4x6x0,33l (1 l = 2,52 €)","Getränke & Genussmittel","False","https://img.rewe-static.de/2345513/23602105_digital-image.png"
"Söhnlein Brillant Jahrgangs Sekt trocken 0,2 l","Söhnlein Brillant","4003310014022","1.49","0,20l (1 l = 7,45 €)","Getränke & Genussmittel","False","https://img.rewe-static.de/7855036/25777072_digital-image.png"
"Terre Bonne Rotwein Merlot Syrah halbtrocken 0,75l","NA","3120581460240","6.99","0,75l (1 l = 9,32 €)","Getränke & Genussmittel","False","https://img.rewe-static.de/8625418/35086645_digital-image.png"
"Three Sixty Vodka Dark Berry 0,33l","Three Sixty","4007675393303","2.59","0,33l (1 l = 7,85 €)","Getränke & Genussmittel","False","https://img.rewe-static.de/8842131/36982151_digital-image.png"
"Veltins Biermix V+ Lemon 6x0,33l","Veltins","4005249062501","4.79","6x0,33l (1 l = 2,42 €)","Getränke & Genussmittel","False","https://img.rewe-static.de/8759347/36476988_digital-image.png"
"Vilsa Bio Mineralwasser Naturelle 1l","Vilsa","4104450005335","0.65","1l","Getränke & Genussmittel","False","https://img.rewe-static.de/7194429/27532722_digital-image.png"
"Vitamalz Sport Isotonisch 0,33l","Vitamalz","4001568703644","0.79","0,33l","Getränke & Genussmittel","False","https://img.rewe-static.de/8412497/43617178_digital-image.png"
"granini Apfel Kirsche 6x1l","Granini","4048517741838","13.74","6x1l (1 l = 2,29 €)","Getränke & Genussmittel","False","https://img.rewe-static.de/7627990/41164830_digital-image.png"
"granini Selection Maracuja 6x0,75l","Granini","4048517742552","13.74","6x0,75l (1 l = 3,05 €)","Getränke & Genussmittel","False","https://img.rewe-static.de/7680705/41166952_digital-image.png"
"Chivas Regal Blended Scotch Whisky 0,7l","Chivas Regal","4005971397988","29.99","0,70l (1 l = 42,84 €)","Getränke & Genussmittel","False","https://img.rewe-static.de/7646804/41243577_digital-image.png"
"Lunatico Rotwein Montepulciano d'Abruzzo DOC 0,75l","Farnese","8019873124234","6.49","0,75l (1 l = 8,65 €)","Getränke & Genussmittel","False","https://img.rewe-static.de/8308584/29975776_digital-image.png"
"REWE Feine Welt Zitronen Sahnelikör 0,7l","REWE Feine Welt","4337256350488","7.99","0,70l (1 l = 11,41 €)","Getränke & Genussmittel","False","https://img.rewe-static.de/8660936/34747590_digital-image.png"
"Astra Rotlicht 6x0,33l","Astra","4067800007277","5.49","6x0,33l (1 l = 2,77 €)","Getränke & Genussmittel","False","https://img.rewe-static.de/0190046/11107710_digital-image.png"
"Astra Urtyp 0,33l","Astra","42278153","0.89","0,33l (1 l = 2,70 €)","Getränke & Genussmittel","False","https://img.rewe-static.de/7712120/11033130_digital-image.png"
"Barone Montalto Weißwein Cataratto Bio trocken 0,75l","Montalto","8030423002178","5.99","0,75l (1 l = 7,99 €)","Getränke & Genussmittel","False","https://img.rewe-static.de/1448139/22435189_digital-image.png"
"Beck's Pils 0,33l","Beck's","41001301","1.09","0,33l (1 l = 3,30 €)","Getränke & Genussmittel","False","https://img.rewe-static.de/7052731/7445450_digital-image.png"
"Beckers Bester Tomatensaft 1l","beckers bester","4001716014523","2.49","1l","Getränke & Genussmittel","False","https://img.rewe-static.de/7397909/22712041_digital-image.png"
"Bitburger Pils 0,0% alkoholfrei 0,33l","Bitburger","4102430315207","0.99","0,33l (1 l = 3 €)","Getränke & Genussmittel","False","https://img.rewe-static.de/9141820/26302071_digital-image.png"
"Budvar Nealko Alkoholfrei 6x0,33l","Budweiser Budvar","8594403708080","5.49","6x0,33l (1 l = 2,77 €)","Getränke & Genussmittel","False","https://img.rewe-static.de/8834206/40153514_digital-image.png"
"Capri-Sun Multivitamin 200ml","Capri-Sun","4000177032695","0.59","0,20l","Getränke & Genussmittel","False","https://img.rewe-static.de/9068277/43133559_digital-image.png"
"Carlsberg Beer 0,5l","Carlsberg","5740600514143","1.29","0,50l (1 l = 2,58 €)","Getränke & Genussmittel","False","https://img.rewe-static.de/4920805/7447780_digital-image.png"
"Carlsberg Beer 11x0,5l","Carlsberg","5740600514136","11.49","11x0,50l (1 l = 2,09 €)","Getränke & Genussmittel","False","https://img.rewe-static.de/4918380/2692260_digital-image.png"
"Château Sabran Rotwein Corbières trocken 0,75l","Château Sabran","3500610080630","4.99","0,75l (1 l = 6,65 €)","Getränke & Genussmittel","False","https://img.rewe-static.de/0388382/2717790_digital-image.png"
"Doppio Passo Rotwein Primitivo di Manduria Riserva trocken 0,75l","NA","4002859121062","10.49","0,75l (1 l = 13,99 €)","Getränke & Genussmittel","False","https://img.rewe-static.de/7912230/33308801_digital-image.png"
"Dr. Faust Weißwein Grauer Burgunder trocken 0,75l","Dr. Faust","4006187900023","5.29","0,75l (1 l = 7,05 €)","Getränke & Genussmittel","False","https://img.rewe-static.de/6815685/4791510_digital-image.png"
"Effect Vodka & Energy 0,33l","Effect","4025127091317","2.59","330ml (1 l = 7,85 €)","Getränke & Genussmittel","False","https://img.rewe-static.de/1077124/13035140_digital-image.png"
"Flensburger Frei alkoholfrei 6x0,33l","Flensburger","4103080061186","4.99","6x0,33l (1 l = 2,52 €)","Getränke & Genussmittel","False","https://img.rewe-static.de/0580126/22906345_digital-image.png"
"Fürst Bismarck Mineralwasser still 0,75l","Fürst Bismarck","4102380502771","0.69","0,75l","Getränke & Genussmittel","False","https://img.rewe-static.de/8408992/43876933_digital-image.png"
"Gerolsteiner Cola-Mix 0,33l","Gerolsteiner","42466901","1.09","0,33l","Getränke & Genussmittel","False","https://img.rewe-static.de/9051002/42887239_digital-image.png"
"Granini Sensation Minty Melon 6x0,75l","Granini","4048517679100","13.74","6x0,75l (1 l = 3,05 €)","Getränke & Genussmittel","False","https://img.rewe-static.de/8388641/35207824_digital-image.png"
"Hella Naturell 1,5l","Hella","4102380025713","0.79","1,50l (1 l = 0,53 €)","Getränke & Genussmittel","False","https://img.rewe-static.de/0053599/42402713_digital-image.png"
"Hohes C Milder Roter Multivitamin 6x1l","Hohes C","4048517743115","14.94","6x1l (1 l = 2,49 €)","Getränke & Genussmittel","False","https://img.rewe-static.de/8629566/34078013_digital-image.png"
"Krombacher Radler 0,33l","Krombacher","4008287072228","0.99","0,33l (1 l = 3 €)","Getränke & Genussmittel","False","https://img.rewe-static.de/3144070/20665508_digital-image.png"
"Kronenhof Apfelkorn 0,7l","Kronenhof","4388844061873","3.79","0,70l (1 l = 5,41 €)","Getränke & Genussmittel","False","https://img.rewe-static.de/6471862/6565800_digital-image.png"
"Magnus Brause Waldmeister 0,7l","Magnus","4001228513774","0.89","0,70l","Getränke & Genussmittel","False","https://img.rewe-static.de/0817425/44320235_digital-image.png"
"Martin Schongauer Weißwein Weißer Burgunder QbA trocken 0,75l","Martin Schongauer","4006310459114","4.99","0,75l (1 l = 6,65 €)","Getränke & Genussmittel","False","https://img.rewe-static.de/7047754/3387740_digital-image.png"
"Mineau Mineralwasser medium 1l","Mineau","4010491004100","0.59","1l","Getränke & Genussmittel","False","https://img.rewe-static.de/5913586/2320740_digital-image.png"
"Mixery Iced Blue 0,33l","Mixery","4002631016715","1.09","0,33l (1 l = 3,30 €)","Getränke & Genussmittel","False","https://img.rewe-static.de/0341451/7447980_digital-image.png"
"Oberdorfer Helles 0,5l","NA","4103210206722","1.29","0,50l (1 l = 2,58 €)","Getränke & Genussmittel","False","https://img.rewe-static.de/8411597/31652221_digital-image.png"
"Paderborner Malz 0,5l","Paderborner","4101120006579","0.69","0,50l","Getränke & Genussmittel","False","https://img.rewe-static.de/0023986/41239435_digital-image.png"
"Paderborner Malz 20x0,5l","Paderborner","4101120206573","8.99","20x0,50l (1 l = 0,90 €)","Getränke & Genussmittel","False","https://img.rewe-static.de/0023991/23386006_digital-image.png"
"REWE Beste Wahl Frühstücks Orange Apfel 0,33l","REWE Beste Wahl","4337256819947","0.79","0,33l","Getränke & Genussmittel","False","https://img.rewe-static.de/9090211/44312308_digital-image.png"
"Shatler's Cocktails Swimming Pool 0,25l","Shatler's","4007675662058","2.99","0,25l (1 l = 11,96 €)","Getränke & Genussmittel","False","https://img.rewe-static.de/8009569/33229785_digital-image.png"
"Sinalco Cola-Mix 1l","Sinalco","4018715004417","1.19","1l","Getränke & Genussmittel","False","https://img.rewe-static.de/6136192/26289025_digital-image.png"
"Steitz & Beck Rosé trocken 0,75l","Steitz & Beck","4002547178255","4.99","0,75l (1 l = 6,65 €)","Getränke & Genussmittel","False","https://img.rewe-static.de/7718137/40359520_digital-image.png"
"Veltins Helles Pülleken 0,33l","Pülleken","4005249061702","0.99","0,33l (1 l = 3 €)","Getränke & Genussmittel","False","https://img.rewe-static.de/8016378/33206196_digital-image.png"
"Wittenseer Ace 0,7l","Wittenseer","4014819540707","1.25","0,70l","Getränke & Genussmittel","False","https://img.rewe-static.de/0950914/47278253_digital-image.png"
"Wittenseer Küstenbrause Apfel-Limette-Sanddorn 0,7l","NA","4014819600777","1.05","0,70l","Getränke & Genussmittel","False","https://img.rewe-static.de/2919596/46196989_digital-image.png"
"granini Fresh Maracuja 6x0,75l","Granini","4048517733277","9.54","6x0,75l (1 l = 2,12 €)","Getränke & Genussmittel","False","https://img.rewe-static.de/7686534/40039033_digital-image.png"
"share Mineralwasser Medium 0,5l","share","4260556672892","0.69","0,50l","Getränke & Genussmittel","False","https://img.rewe-static.de/7192414/42425568_digital-image.png"
"Afri Cola Mix 6x1l","Afri Cola","4051913102073","7.74","6x1l (1 l = 1,29 €)","Getränke & Genussmittel","False","https://img.rewe-static.de/8703187/43366897_digital-image.png"
"Arapow Vodka Energy 0,33l","NA","4337256900553","1.69","0,33l (1 l = 5,12 €)","Getränke & Genussmittel","False","https://img.rewe-static.de/2702662/25137506_digital-image.png"
"Auggener Schäf Weißwein Müller-Thurgau QbA halbtrocken 1l","Auggener","4005371422105","4.49","1l","Getränke & Genussmittel","False","https://img.rewe-static.de/0898943/22663438_digital-image.png"
"Bacardi Limon & Lemonade 0,25l","Bacardi","7610113022429","2.79","0,25l (1 l = 11,16 €)","Getränke & Genussmittel","False","https://img.rewe-static.de//8946759/40016694_digital-image.png"
"Beck's Ice 24x0,33l","Beck's","4100130000379","18.79","24x0,33l (1 l = 2,37 €)","Getränke & Genussmittel","False","https://img.rewe-static.de/0396709/8264210_digital-image.png"
"Beckers Bester Heimische Früchte Apfel-Johannisbeere 1l","beckers bester","4001716013724","2.99","1l","Getränke & Genussmittel","False","https://img.rewe-static.de/1113729/22711985_digital-image.png"
"Berentzen Apfel 0,7l","Berentzen","4041500136024","7.29","0,70l (1 l = 10,41 €)","Getränke & Genussmittel","False","https://img.rewe-static.de/0366072/860700_digital-image.png"
"Berliner Kindl Weisse Himbeere 0,33l","Berliner Kindl","4053400257372","0.99","0,33l","Getränke & Genussmittel","False","https://img.rewe-static.de/5991250/43617915_digital-image.png"
"Biorebe Bio Weißwein Silvaner QbA halbtrocken vegan 0,75l","Biorebe","4003301034541","4.99","0,75l (1 l = 6,65 €)","Getränke & Genussmittel","False","https://img.rewe-static.de/0749870/35612848_digital-image.png"
"Biozentrale Bio Limettensaft 250ml","biozentrale","4005009103680","2.99","250ml (1 l = 11,96 €)","Getränke & Genussmittel","False","https://img.rewe-static.de/7055312/26948876_digital-image.png"
"Bismarck Mineralwasser Medium 1l","Fürst Bismarck","4102380500692","0.79","1l","Getränke & Genussmittel","False","https://img.rewe-static.de/2057557/28034932_digital-image.png"
"Bommerlunder Aquavit 0,7l","Bommerlunder","4038600001017","9.99","0,70l (1 l = 14,27 €)","Getränke & Genussmittel","False","https://img.rewe-static.de/0115304/1472100_digital-image.png"
"Capri-Sun Jungle Drink 0,2l","Capri-Sun","4000177026717","0.59","0,20l","Getränke & Genussmittel","False","https://img.rewe-static.de/7936096/42593117_digital-image.png"
"Carlsberg Elephant Beer 6x0,33l","Carlsberg","5740600514037","6.49","6x0,33l (1 l = 3,28 €)","Getränke & Genussmittel","False","https://img.rewe-static.de/7888902/2241250_digital-image.png"
"Domaine Moulin Saint-Jean Rotwein La Reserve trocken 0,75ml","NA","3700619338248","7.99","0,75ml (1 l = 10,65 €)","Getränke & Genussmittel","False","https://img.rewe-static.de/8568754/41306822_digital-image.png"
"Double Q Blended Scotch Whisky 0,7l","Double Q","4034200014396","11.29","0,70l (1 l = 16,13 €)","Getränke & Genussmittel","False","https://img.rewe-static.de/0693430/1417110_digital-image.png"
"Duckstein Original 8x0,5l","Duckstein Original","4067800004313","15.99","8x0,50l (1 l = 4 €)","Getränke & Genussmittel","False","https://img.rewe-static.de/0866237/20658389_digital-image.png"
"Einbecker Mai-Ur-Bock 6x0,33l","Einbecker","4004078315062","5.79","6x0,33l (1 l = 2,92 €)","Getränke & Genussmittel","False","https://img.rewe-static.de/5641926/3304560_digital-image.png"
"Erdinger Brauhaus Helles Lagerbier 0,5l","Erdinger","4005873210088","1.29","0,50l (1 l = 2,58 €)","Getränke & Genussmittel","False","https://img.rewe-static.de/7803224/35950582_digital-image.png"
"Fanta Orange 6x2l","Fanta","5000112547504","13.14","6x2l (1 l = 1,10 €)","Getränke & Genussmittel","False","https://img.rewe-static.de/6730639/22429358_digital-image.png"
"Flensburger Gold 0,33l","Flensburger","42095071","1.09","0,33l (1 l = 3,30 €)","Getränke & Genussmittel","False","https://img.rewe-static.de/0312460/42409853_digital-image.png"
"Flensburger Pilsener 0,5l Dose","Flensburger","4103080050517","0.99","0,50l (1 l = 1,98 €)","Getränke & Genussmittel","False","https://img.rewe-static.de/0019247/22400969_digital-image.png"
"Freixenet Carta Nevada 6x0,75l","Freixenet","8410036102128","38.94","6x0,75l (1 l = 8,65 €)","Getränke & Genussmittel","False","https://img.rewe-static.de/3676439/3350250_digital-image.png"
"Früh Kölsch 0,5l","Früh","4003227020109","1.29","0,50l (1 l = 2,58 €)","Getränke & Genussmittel","False","https://img.rewe-static.de/8011192/24848147_digital-image.png"
"Fürst Bismarck Apfelschorle 0,5l","Fürst Bismarck","4102380500340","0.89","0,50l (1 l = 1,78 €)","Getränke & Genussmittel","False","https://img.rewe-static.de/1207535/41455544_digital-image.png"
"Fürst Bismarck Apfelschorle 0,75l","Fürst Bismarck","4102380502801","1.09","0,75l","Getränke & Genussmittel","False","https://img.rewe-static.de/8008797/45248051_digital-image.png"
"Fürst Bismarck Classic 0,75l","Fürst Bismarck","4102380502719","0.69","0,75l (1 l = 0,92 €)","Getränke & Genussmittel","False","https://img.rewe-static.de/8001080/31812472_digital-image.png"
"Fürst Bismarck Limo Orange 0,75l","Fürst Bismarck","4102380503136","1.09","0,75l","Getränke & Genussmittel","False","https://img.rewe-static.de/7762660/44712567_digital-image.png"
"Fürst Bismarck Mineralwasser Classic 0,5l","Fürst Bismarck","4102380500227","0.59","0,50l (1 l = 1,18 €)","Getränke & Genussmittel","False","https://img.rewe-static.de/0438371/42420934_digital-image.png"
"Fürst Bismarck Mineralwasser Medium 0,75l","Fürst Bismarck","4102380502740","0.69","0,75l","Getränke & Genussmittel","False","https://img.rewe-static.de/8017755/43891412_digital-image.png"
"Fürst Bismarck Wellplus Vital Holunder Ingwer Kräuter 0,5l","Fürst Bismarck","4102380503488","0.89","0,50l (1 l = 1,78 €)","Getränke & Genussmittel","False","https://img.rewe-static.de/9074624/43406427_digital-image.png"
"Fürst von Metternich Rosé trocken 0,75l","Fürst von Metternich","4003310117600","8.99","0,75l (1 l = 11,99 €)","Getränke & Genussmittel","False","https://img.rewe-static.de/0201436/1460450_digital-image.png"
"Gorbatschow Mixed Energy Drink 0,33l","Gorbatschow","4003310020146","2.99","0,33l (1 l = 9,06 €)","Getränke & Genussmittel","False","https://img.rewe-static.de/7711439/37977385_digital-image.png"
"Grand Sud Rotwein Merlot trocken 6x1l","NA","3263289998650","26.99","6x1l (1 l = 4,50 €)","Getränke & Genussmittel","False","https://img.rewe-static.de/5420172/22723580_digital-image.png"
"Granini Selection Guave Drachenfrucht 6x0,75l","Granini","4048517714689","13.74","6x0,75l (1 l = 3,05 €)","Getränke & Genussmittel","False","https://img.rewe-static.de/8735245/35802559_digital-image.png"
"Greizer Nuss Nougat Sahne Likör 0,5l","Greizer","4012331420002","5.29","0,50l (1 l = 10,58 €)","Getränke & Genussmittel","False","https://img.rewe-static.de/5031885/2641840_digital-image.png"
"Grevensteiner Landbier 0,5l","Grevensteiner","4005249002019","1.19","4x0,50l (1 l = 2,38 €)","Getränke & Genussmittel","False","https://img.rewe-static.de/2107711/26274247_digital-image.png"
"Güstrower Schlossquell Waldmeister Brause 1l","Güstrower Schlossquell","4012750170151","0.95","1l","Getränke & Genussmittel","False","https://img.rewe-static.de/3040836/45717493_digital-image.png"
"Havana Club Cuban Spiced & Cola 0,33l","Havana Club","8501110084468","2.99","0,33l (1 l = 9,06 €)","Getränke & Genussmittel","False","https://img.rewe-static.de/8761740/35156213_digital-image.png"
"Heineken Bier 0,33l","Heineken","8712000900663","1.29","0,33l (1 l = 3,91 €)","Getränke & Genussmittel","False","https://img.rewe-static.de/2315572/5460250_digital-image.png"
"Hella Leichte Limo Zitrone 6x0,75l","Hella","4102380042710","4.74","6x0,75l","Getränke & Genussmittel","False","https://img.rewe-static.de/7529030/42814679_digital-image.png"
"Hella Mineralwasser Naturell 0,7l","Hella","4102380039741","0.69","0,70l (1 l = 0,99 €)","Getränke & Genussmittel","False","https://img.rewe-static.de/8524265/32477049_digital-image.png"
"Hiss Düringer Weißwein Weissburgunder Trocken Baden 0,75l","NA","4337256898959","6.99","0,75l (1 l = 9,32 €)","Getränke & Genussmittel","False","https://img.rewe-static.de/8539893/32718995_digital-image.png"
"Hohes C Plus Antioxidantien 6x1l","Hohes C","4048517746277","14.94","6x1l (1 l = 2,49 €)","Getränke & Genussmittel","False","https://img.rewe-static.de/7627340/39730592_digital-image.png"
"J.P. Chenet Rosé Grenache Cinsault trocken 0,25l","J.P. Chenet","3263286324230","1.99","0,25l (1 l = 7,96 €)","Getränke & Genussmittel","False","https://img.rewe-static.de/0202533/6652480_digital-image.png"
"J.P. Chenet Rotwein Cabernet-Syrah trocken 0,75l","J.P. Chenet","3263286301323","4.49","0,75l (1 l = 5,99 €)","Getränke & Genussmittel","False","https://img.rewe-static.de/5028167/1862080_digital-image.png"
"Kilkenny Irish Red Ale 0,33l","Kilkenny","4053400211411","1.29","0,33l (1 l = 3,91 €)","Getränke & Genussmittel","False","https://img.rewe-static.de/1984515/31504459_digital-image.png"
"Kleiner Feigling Coco Biscuit Sahnelikör 12x0,02l","Kleiner Feigling","4004752255103","6.99","12x0,02l (1 l = 29,13 €)","Getränke & Genussmittel","False","https://img.rewe-static.de/7060990/27354057_digital-image.png"
"Klüver's Pils 0,33l","NA","4260350710011","1.49","0,33l (1 l = 4,52 €)","Getränke & Genussmittel","False","https://img.rewe-static.de/2197130/33964315_digital-image.png"
"Klüvers Heimat 0,33l","NA","4260350713203","1.49","0,33l (1 l = 4,52 €)","Getränke & Genussmittel","False","https://img.rewe-static.de/2894188/33963625_digital-image.png"
"Knut Hansen Gin Tonic 0,25l","Knut Hansen","4262398470094","2.99","0,25l (1 l = 11,96 €)","Getränke & Genussmittel","False","https://img.rewe-static.de/7665093/40115540_digital-image.png"
"Krombacher Fassbrause Cola & Orange 0,33l","Krombacher","4008287916218","0.99","0,33l","Getränke & Genussmittel","False","https://img.rewe-static.de/3238959/43845546_digital-image.png"
"Krombacher Naturtrübes Dunkel 0,33l","Krombacher","4008287910681","0.99","0,33l","Getränke & Genussmittel","False","https://img.rewe-static.de/3028829/43617863_digital-image.png"
"Krombacher Radler zuckerfrei 0,33l","Krombacher","4008287941005","0.99","0,33l","Getränke & Genussmittel","False","https://img.rewe-static.de/8707233/43644059_digital-image.png"
"Lauffener Rotwein Katzenbeisser Lemberger QbA trocken 0,75l","Lauffener","4005670062217","5.29","0,75l (1 l = 7,05 €)","Getränke & Genussmittel","False","https://img.rewe-static.de/8518661/1366300_digital-image.png"
"Lauffener Weingärtner Weißwein Schwarzriesling weißgekeltert trocken 0,75l","Lauffener","4005670251017","4.99","0,75l (1 l = 6,65 €)","Getränke & Genussmittel","False","https://img.rewe-static.de/6652174/38792199_digital-image.png"
"Linha 27 Rotwein 0,75l","NA","4002287015872","5.99","0,75l (1 l = 7,99 €)","Getränke & Genussmittel","False","https://img.rewe-static.de/7887766/33646288_digital-image.png"
"Lütauer Apfel-Maracuja-Schorle 0,33l","NA","4034025000550","1.09","0,33l (1 l = 3,30 €)","Getränke & Genussmittel","False","https://img.rewe-static.de/2479643/29179440_digital-image.png"
"Lütauer Johannisbeernektar","NA","4034025000161","2.39","0,70l (1 l = 3,41 €)","Getränke & Genussmittel","False","https://img.rewe-static.de/1987957/41612554_digital-image.png"
"Lütauer Sauerkirsche Fruchtnektar 0,7l","NA","4034025000253","2.19","0,70l (1 l = 3,13 €)","Getränke & Genussmittel","False","https://img.rewe-static.de/1233236/41612538_digital-image.png"
"Maisel's Weisse Original 0,5l","Maisel's Weisse","40173351","1.09","0,50l (1 l = 2,18 €)","Getränke & Genussmittel","False","https://img.rewe-static.de/7395930/26273547_digital-image.png"
"Miluna Rotwein Primitivo Salento trocken 0,75l","NA","4337256583176","41.94","6x0,75l (1 l = 9,32 €)","Getränke & Genussmittel","False","https://img.rewe-static.de/8905735/41516169_digital-image.png"
"Mönchshof Märzen opaltrüb 0,5l","Mönchshof","4082100002227","1.19","0,50l (1 l = 2,38 €)","Getränke & Genussmittel","False","https://img.rewe-static.de/2755685/27563009_digital-image.png"
"Mönchshof Original 0,5l","Mönchshof","40821931","1.19","0,50l (1 l = 2,38 €)","Getränke & Genussmittel","False","https://img.rewe-static.de/4377761/9689480_digital-image.png"
"NordQuell Mineralwasser naturell 1l","NordQuell","4102380043038","0.55","1l","Getränke & Genussmittel","False","https://img.rewe-static.de/7579275/45714816_digital-image.png"
"Oldesloer Himbeer 0,7l","Oldesloer","40618838","5.49","0,70l (1 l = 7,84 €)","Getränke & Genussmittel","False","https://img.rewe-static.de/2452073/31928892_digital-image.png"
"Oldesloer Saure Kirsche 0,7l","Oldesloer","40618470","5.49","0,70l (1 l = 7,84 €)","Getränke & Genussmittel","False","https://img.rewe-static.de/1358871/1234990_digital-image.png"
"Philipp Koch Obstler 0,5l","NA","4260074911237","10.99","0,50l (1 l = 21,98 €)","Getränke & Genussmittel","False","https://img.rewe-static.de/2043957/32737901_digital-image.png"
"Pott Rum 0,35l","Pott","4003310014145","6.99","0,35l (1 l = 19,97 €)","Getränke & Genussmittel","False","https://img.rewe-static.de/0188042/22617809_digital-image.png"
"Simona Maier Weißwein ONE LOVE Blanc de Noirs trocken 0,75l","NA","4002547176725","5.99","0,75l (1 l = 7,99 €)","Getränke & Genussmittel","False","https://img.rewe-static.de/8707323/34992532_digital-image.png"
"Sprite 6x1,5l","Sprite","5449000053534","7.74","6x1,50l (1 l = 0,86 €)","Getränke & Genussmittel","False","https://img.rewe-static.de/0942544/22398065_digital-image.png"
"Tres Reyes Rotwein Tempranillo Syrah trocken 6x0,75l","NA","8437014028270","41.94","6x0,75l (1 l = 9,32 €)","Getränke & Genussmittel","False","https://img.rewe-static.de/8891066/41515940_digital-image.png"
"Val Duna Rosé Rumänien 0,75l","Val Duna","4002287015810","3.79","0,75l (1 l = 5,05 €)","Getränke & Genussmittel","False","https://img.rewe-static.de/8553985/32499273_digital-image.png"
"Veltins Helles Lager 0,275l","Veltins","4005249063737","0.99","275l","Getränke & Genussmittel","False","https://img.rewe-static.de/9998670/45369024_digital-image.png"
"Veltins Helles Lager 6x0,275l","Veltins","4005249063744","4.79","6x275l (1 l = 2,90 €)","Getränke & Genussmittel","False","https://img.rewe-static.de/9998680/43963766_digital-image.png"
"Vilsa Bio Mineralwasser Classic 1l","Vilsa","4104450005311","0.65","1l","Getränke & Genussmittel","False","https://img.rewe-static.de/7191719/27532703_digital-image.png"
"Warsteiner Pilsener 0,5l","Warsteiner","4000856005446","1.09","0,50l (1 l = 2,18 €)","Getränke & Genussmittel","False","https://img.rewe-static.de/6677185/7448500_digital-image.png"
"Wilthener Goldkrone-Cola 0,25l","Wilthener","4012429072809","1.99","0,25l (1 l = 7,96 €)","Getränke & Genussmittel","False","https://img.rewe-static.de/0999158/8095300_digital-image.png"
"Wittenseer Apfelschorle 0,7l","Wittenseer","4014819580703","1.25","0,70l","Getränke & Genussmittel","False","https://img.rewe-static.de/0950706/47278164_digital-image.png"
"Wittenseer Drachenbrause Waldmeister 0,7l","Wittenseer","4014819220708","0.95","0,70l","Getränke & Genussmittel","False","https://img.rewe-static.de/0950014/47276718_digital-image.png"
"Wolfenweiler Batzenberg Weißwein Gutedel QbA trocken 0,75l","Wolfenweiler","4005708201328","3.79","0,75l (1 l = 5,05 €)","Getränke & Genussmittel","False","https://img.rewe-static.de/0433527/8683150_digital-image.png"
"Alex Rolinck Bier & Cola Mix 0,33l","Krombacher","4008287948790","0.89","0,33l","Getränke & Genussmittel","False","https://img.rewe-static.de/8927479/41243606_digital-image.png"
"CMC Cream Soda Erfrischungsgetränk Vanillegeschmack 0,33l","CMC","4024398700683","1.19","0,33l","Getränke & Genussmittel","False","https://img.rewe-static.de/7856454/45537803_digital-image.png"
"Carlsberg Elephant Beer 0,33l","Carlsberg","5740600400507","1.19","0,33l (1 l = 3,61 €)","Getränke & Genussmittel","False","https://img.rewe-static.de/7889054/23793405_digital-image.png"
"Cyber Cider Bio Apple Lemon Cider 0,33l","NA","4001490024220","1.19","0,33l (1 l = 3,61 €)","Getränke & Genussmittel","False","https://img.rewe-static.de/8706592/35369037_digital-image.png"
"Dithmarsch Pilsener 0,33l","Dithmarscher","42007852","0.99","0,33l (1 l = 3 €)","Getränke & Genussmittel","False","https://img.rewe-static.de/7765495/34040703_digital-image.png"
"Doppio Passo Weißwein Moscato DOC halbtrocken 0,75l","NA","4002859121314","7.99","0,75l (1 l = 10,65 €)","Getränke & Genussmittel","False","https://img.rewe-static.de/7686316/40871125_digital-image.png"
"Dovgan Tropical Katkus 1,5l","Dovgan","4032549032552","1.79","1,50l","Getränke & Genussmittel","False","https://img.rewe-static.de/8788523/40607298_digital-image.png"
"Fanta Orange 6x1l","Fanta","5449000307781","9.99","6x1l (1 l = 1,67 €)","Getränke & Genussmittel","False","https://img.rewe-static.de/8698462/38412830_digital-image.png"
"Fiete's Möwenschiss Kirschlikör 0,5l","Fiete`s","4004752213134","7.99","0,50l (1 l = 15,98 €)","Getränke & Genussmittel","False","https://img.rewe-static.de/4507533/34067073_digital-image.png"
"Franziskaner Weißbier Blutorange alkoholfrei 0,33l","Franziskaner","4072700002451","1.09","0,33l (1 l = 3,30 €)","Getränke & Genussmittel","False","https://img.rewe-static.de/2746327/27807022_digital-image.png"
"Franziskaner Weißbier Hell naturtrüb 0,33l","Franziskaner","4072700001249","1.09","0,33l (1 l = 3,30 €)","Getränke & Genussmittel","False","https://img.rewe-static.de/7845413/31504437_digital-image.png"
"Freixenet Carta Rosado 6x0,75l","Freixenet","8410036101121","38.94","6x0,75l (1 l = 8,65 €)","Getränke & Genussmittel","False","https://img.rewe-static.de/1215937/38732769_digital-image.png"
"Grand Sud Rotwein Grenache lieblich 6x1l","NA","3263289994157","23.94","6x1l (1 l = 3,99 €)","Getränke & Genussmittel","False","https://img.rewe-static.de/5422337/18227750_digital-image.png"
"Greizer Erdbeer Sahne Likör 0,5l","Greizer","4012331420040","5.29","0,50l (1 l = 10,58 €)","Getränke & Genussmittel","False","https://img.rewe-static.de/7294166/21010593_digital-image.png"
"Grevensteiner Landbier 0,33l","Grevensteiner","4005249003429","1.09","0,33l (1 l = 3,30 €)","Getränke & Genussmittel","False","https://img.rewe-static.de/2346254/32550470_digital-image.png"
"Hardenberg Persico Sauerkirsch Likör 0,1l","Hardenberg","40558745","1.49","0,10l (1 l = 14,90 €)","Getränke & Genussmittel","False","https://img.rewe-static.de/6478310/33924462_digital-image.png"
"Havana Club Lime Mojito 0,33l","Havana Club","4005971398114","2.99","0,33l (1 l = 9,06 €)","Getränke & Genussmittel","False","https://img.rewe-static.de/7612886/42585466_digital-image.png"
"Havana Club Mango & Passion Fruit 0,33l","Havana Club","4005971398091","2.99","0,33l (1 l = 9,06 €)","Getränke & Genussmittel","False","https://img.rewe-static.de/9040898/42585459_digital-image.png"
"Hella Mineralwasser Classic 0,7l","Hella","4102380039680","0.69","0,70l (1 l = 0,99 €)","Getränke & Genussmittel","False","https://img.rewe-static.de/8524972/32477033_digital-image.png"
"Hella Mineralwasser Medium 0,7l","Hella","4102380039710","0.69","0,70l (1 l = 0,99 €)","Getränke & Genussmittel","False","https://img.rewe-static.de/8523454/32476899_digital-image.png"
"Holstein Pilsener 0,33l","NA","40678085","0.69","0,33l (1 l = 2,09 €)","Getränke & Genussmittel","False","https://img.rewe-static.de/7768176/11049500_digital-image.png"
"Hopper Bräu Helle Aufregung 0,33l","NA","4260438060403","2.49","0,33l (1 l = 7,55 €)","Getränke & Genussmittel","False","https://img.rewe-static.de/3184308/26633215_digital-image.png"
"I Muri Primitivo Puglia Vigneti Del Salento Rotwein trocken 0,75l","NA","8019873978165","7.49","0,75l (1 l = 9,99 €)","Getränke & Genussmittel","False","https://img.rewe-static.de/2300668/27681838_digital-image.png"
"Jever Pilsener 0,33l","Jever","4008948023019","1.19","0,33l (1 l = 3,61 €)","Getränke & Genussmittel","False","https://img.rewe-static.de/6561691/11031850_digital-image.png"
"Klüvers Lager 0,33l","NA","4260350713197","1.49","0,33l (1 l = 4,52 €)","Getränke & Genussmittel","False","https://img.rewe-static.de/2894186/34314035_digital-image.png"
"Kronenbourg 1664 Blanc Weißbier 0,33l","NA","42440932","1.39","0,33l","Getränke & Genussmittel","False","https://img.rewe-static.de/9048716/43597493_digital-image.png"
"Landgang Goldgräber 0,33l","NA","4260438060793","2.49","0,33l (1 l = 7,55 €)","Getränke & Genussmittel","False","https://img.rewe-static.de/3532292/29361628_digital-image.png"
"Lütauer Apfel Himbeer Schorle 0,33l","NA","4034025000574","1.09","0,33l (1 l = 3,30 €)","Getränke & Genussmittel","False","https://img.rewe-static.de/2533179/29500103_digital-image.png"
"Lütauer Bio Möhrensaft 0,7l","NA","4034025000185","1.99","0,70l (1 l = 2,84 €)","Getränke & Genussmittel","False","https://img.rewe-static.de/2763561/29197694_digital-image.png"
"Magnus Mineralwasser Classic 0,7l","Magnus","4001228513170","0.69","0,70l","Getränke & Genussmittel","False","https://img.rewe-static.de/4227417/44415414_digital-image.png"
"Majawi Dark Rum 0,7l","NA","4012429062077","11.99","0,70l (1 l = 17,13 €)","Getränke & Genussmittel","False","https://img.rewe-static.de/8546691/33363891_digital-image.png"
"Miluna Rotwein Negroamaro halbtrocken 6x0,75l","NA","8023354042863","41.94","6x0,75l (1 l = 9,32 €)","Getränke & Genussmittel","False","https://img.rewe-static.de/8890973/41458138_digital-image.png"
"Montanero Rotwein 0,75l","NA","4002089604885","5.99","0,75l (1 l = 7,99 €)","Getränke & Genussmittel","False","https://img.rewe-static.de/8704827/35284193_digital-image.png"
"Niederegger Marzipan-Liqueur 0,35l","Niederegger","4000161880509","15.99","0,35l (1 l = 45,69 €)","Getränke & Genussmittel","False","https://img.rewe-static.de/3231739/32468225_digital-image.png"
"Oldesloer Saurer Apfel 0,7l","Oldesloer","40618661","5.49","0,70l (1 l = 7,84 €)","Getränke & Genussmittel","False","https://img.rewe-static.de/1423975/2096570_digital-image.png"
"Oldesloer Weizenkorn 0,1l","Oldesloer","40618272","1.69","0,10l (1 l = 16,90 €)","Getränke & Genussmittel","False","https://img.rewe-static.de/5706033/15134720_digital-image.png"
"Relicario Ron Dominicano 0,7l","Relicario","8438001405883","33.99","0,70l (1 l = 48,56 €)","Getränke & Genussmittel","False","https://img.rewe-static.de/2321520/30094160_digital-image.png"
"Scharlachberg Meister Spirituose 0,1l","Scharlachberg","4061800081602","1.69","0,10l (1 l = 16,90 €)","Getränke & Genussmittel","False","https://img.rewe-static.de/1998983/22138603_digital-image.png"
"Sierra Tropical Chilli Passionfruit & Mango 0,7l","Sierra Tequila","4062400156301","14.99","0,70l (1 l = 21,41 €)","Getränke & Genussmittel","False","https://img.rewe-static.de/7628800/39326607_digital-image.png"
"Spaten Münchner Hell 0,33l","Spaten","4072700006527","0.99","0,33l","Getränke & Genussmittel","False","https://img.rewe-static.de/8947055/42458466_digital-image.png"
"Three Sixty Vodka Maracuja 0,33l","Three Sixty","4007675323300","2.59","0,33l (1 l = 7,85 €)","Getränke & Genussmittel","False","https://img.rewe-static.de/8326040/31896118_digital-image.png"
"Wittenseer Cola Mix 0,7l","Wittenseer","4014819140709","0.95","0,70l","Getränke & Genussmittel","False","https://img.rewe-static.de/0950072/46744356_digital-image.png"
"Absolut Cocktails Berry Fizz 0,33l","Absolut","4005971397360","2.99","0,33l (1 l = 9,06 €)","Getränke & Genussmittel","False","https://img.rewe-static.de/7714526/38631282_digital-image.png"
"Afri Cola 0,33l","Afri Cola","41030219","0.99","0,33l","Getränke & Genussmittel","False","https://img.rewe-static.de/3682571/38162224_digital-image.png"
"Altenmünster Urig Würzig 0,5l","Altenmünster","4103930320029","1.29","0,50l (1 l = 2,58 €)","Getränke & Genussmittel","False","https://img.rewe-static.de/7176589/11050220_digital-image.png"
"Amerikanischer Traum India Pale Ale 0,33l","NA","4260438060410","2.49","0,33l (1 l = 7,55 €)","Getränke & Genussmittel","False","https://img.rewe-static.de/3219546/28717949_digital-image.png"
"Andechser Doppelbock dunkel 0,5l","Andechser","4013024000419","1.49","0,50l (1 l = 2,98 €)","Getränke & Genussmittel","False","https://img.rewe-static.de/7638779/27649815_digital-image.png"
"Antica Sambuca with Coffee Flavour 0,7l","Antica","8004747006730","16.99","0,70l (1 l = 24,27 €)","Getränke & Genussmittel","False","https://img.rewe-static.de/8742643/40398211_digital-image.png"
"Antica Sambuca with Liquorice Flavour 0,7l","Antica Sambuca","8004747007461","16.99","0,70l (1 l = 24,27 €)","Getränke & Genussmittel","False","https://img.rewe-static.de/2456455/34843647_digital-image.png"
"Arizona Ice Tea with Lemon Flavour 0,5l","Arizona","8718612001101","1.69","0,50l (1 l = 3,38 €)","Getränke & Genussmittel","False","https://img.rewe-static.de/2862327/25287023_digital-image.png"
"Astra Rakete mit Citrus-Vodka 0,33l","Astra","42253112","0.99","0,33l (1 l = 3 €)","Getränke & Genussmittel","False","https://img.rewe-static.de/2375837/27601737_digital-image.png"
"Beck's Green Lemon 0,33l","Beck's","42111702","1.09","0,33l (1 l = 3,30 €)","Getränke & Genussmittel","False","https://img.rewe-static.de/0219770/1492030_digital-image.png"
"Beckers Bester Apfelsaftschorle 1l","beckers bester","4001716013120","2.49","1l","Getränke & Genussmittel","False","https://img.rewe-static.de/1164210/22712008_digital-image.png"
"Berentzen Waldmeister 0,7l","Berentzen","4041500119027","7.29","0,70l (1 l = 10,41 €)","Getränke & Genussmittel","False","https://img.rewe-static.de/2256785/23694714_digital-image.png"
"Blanc de Blanc Weißwein trocken 0,75l","NA","4260686460130","4.99","0,75l (1 l = 6,65 €)","Getränke & Genussmittel","False","https://img.rewe-static.de/8895693/38810243_digital-image.png"
"Bree Weißwein Gewürztraminer QbA 0,75l","Bree","4062073003209","5.49","0,75l (1 l = 7,32 €)","Getränke & Genussmittel","False","https://img.rewe-static.de/8747252/40640496_digital-image.png"
"Budweiser Budvar Nealko alkoholfrei 0,33l","Budweiser Budvar","8594403707564","0.95","0,33l","Getränke & Genussmittel","False","https://img.rewe-static.de/7745008/42456976_digital-image.png"
"Budweiser Budvar Premium Czech Lager 0,33l","Budweiser Budvar","8594403410129","1.19","0,33l (1 l = 3,61 €)","Getränke & Genussmittel","False","https://img.rewe-static.de/7400543/35868545_digital-image.png"
"Carters Root Beer 0,33l","NA","4024398410322","1.29","330ml (1 l = 3,91 €)","Getränke & Genussmittel","False","https://img.rewe-static.de/1482902/23195038_digital-image.png"
"Chantré Weinbrand 24x0,1l","Chantré","4045144709101","47.76","24x0,10l (1 l = 19,90 €)","Getränke & Genussmittel","False","https://img.rewe-static.de/3455491/1571510_digital-image.png"
"Clan Campbell Blended Scotch Whisky 0,7l","NA","5056772300003","12.99","0,70l","Getränke & Genussmittel","False","https://img.rewe-static.de/7581188/43782430_digital-image.png"
"Danzka Vodka 0,7l","Danzka","5788686123545","15.49","0,70l (1 l = 22,13 €)","Getränke & Genussmittel","False","https://img.rewe-static.de/0975901/29468924_digital-image.png"
"Der Kapitän Craft Bier alkoholfrei 0,33l","NA","4260438060748","2.49","0,33l (1 l = 7,55 €)","Getränke & Genussmittel","False","https://img.rewe-static.de/3409156/28717955_digital-image.png"
"Der echte Kosake Kosaken Kaffee Kaffee-Likör 0,7l","NA","4000283100035","11.79","0,70l (1 l = 16,84 €)","Getränke & Genussmittel","False","https://img.rewe-static.de/5417961/36062096_digital-image.png"
"Desperados Mojito 0,33l","Desperados","8712000061098","1.99","0,33l (1 l = 6,03 €)","Getränke & Genussmittel","False","https://img.rewe-static.de/7178602/32237384_digital-image.png"
"Dithmarscher Pilsener Longneck 6x0,33l","Dithmarscher","4002227002238","4.79","6x0,33l (1 l = 2,42 €)","Getränke & Genussmittel","False","https://img.rewe-static.de/0066170/3368630_digital-image.png"
"Dithmarscher Urtyp 0,33l","Dithmarscher","42026303","0.79","0,33l (1 l = 2,39 €)","Getränke & Genussmittel","False","https://img.rewe-static.de/8189579/851120_digital-image.png"
"Doppio Passo Bio Weißwein Grillo trocken 0,75l","NA","4002859121291","8.99","0,75l (1 l = 11,99 €)","Getränke & Genussmittel","False","https://img.rewe-static.de/8925005/40116726_digital-image.png"
"Doppio Passo Rotwein Appassimento Primitivo lieblich 0,75l","NA","4002859121185","11.49","0,75l (1 l = 15,32 €)","Getränke & Genussmittel","False","https://img.rewe-static.de/7923143/33607771_digital-image.png"
"Dovgan Brause Original mit Birnengeschmack 1,5l","Dovgan","4260117090004","2.49","1,50l","Getränke & Genussmittel","False","https://img.rewe-static.de/8237135/44100604_digital-image.png"
"Dovgan Tarchun Original 1,5l","Dovgan","4032549032491","1.79","1,50l","Getränke & Genussmittel","False","https://img.rewe-static.de/7775412/43905811_digital-image.png"
"Durstlöscher Saure Erdbeere 0,5l","Durstlöscher","4100060036257","0.85","500ml (1 l = 1,70 €)","Getränke & Genussmittel","False","https://img.rewe-static.de/8894197/40671691_digital-image.png"
"Effect Vodka & Guava 0,33l","Effect","4025127088874","2.59","0,33l (1 l = 7,85 €)","Getränke & Genussmittel","False","https://img.rewe-static.de/8654600/33281284_digital-image.png"
"Erdinger alkoholfrei Zitrone 0,33l","Erdinger","4002103296782","1.09","0,33l (1 l = 3,30 €)","Getränke & Genussmittel","False","https://img.rewe-static.de/3206803/31504436_digital-image.png"
"Fanta Fruit Twist 0,33l","Fanta","4260301521451","1.59","0,33l (1 l = 4,82 €)","Getränke & Genussmittel","False","https://img.rewe-static.de/2379411/26011230_digital-image.png"
"Fanta Grape 0,5l","Fanta","4260301526289","1.89","0,50l (1 l = 3,78 €)","Getränke & Genussmittel","False","https://img.rewe-static.de/8691015/39590717_digital-image.png"
"Fanta Orange 1l","Fanta","5000112654981","1.79","1l","Getränke & Genussmittel","False","https://img.rewe-static.de/8696251/41230887_digital-image.png"
"Fanta Tropical 0,5l","Fanta","4260301524247","1.79","0,50l (1 l = 3,58 €)","Getränke & Genussmittel","False","https://img.rewe-static.de/7888296/34094665_digital-image.png"
"Flensburger Edles Helles 0,33l","Flensburger","41030875","1.09","0,33l (1 l = 3,30 €)","Getränke & Genussmittel","False","https://img.rewe-static.de/1908518/27481796_digital-image.png"
"Flensburger Gold 6x0,33l","Flensburger","4103080050425","4.99","6x0,33l (1 l = 2,52 €)","Getränke & Genussmittel","False","https://img.rewe-static.de/2317125/1370560_digital-image.png"
"Flensburger Strand Lager 6x0,33l","Flensburger","4103080065436","4.99","6x0,33l (1 l = 2,52 €)","Getränke & Genussmittel","False","https://img.rewe-static.de/7608643/43115043_digital-image.png"
"Flensburger Strand-Lager 0,33l","Flensburger","42456698","1.09","0,33l","Getränke & Genussmittel","False","https://img.rewe-static.de/9143640/43344688_digital-image.png"
"Franziskaner Weißbier Zitrone alkoholfrei 0,33l","Franziskaner","4072700001195","1.09","0,33l (1 l = 3,30 €)","Getränke & Genussmittel","False","https://img.rewe-static.de/2371942/27807024_digital-image.png"
"Franziskaner Weißbier alkoholfrei 0,33l","Franziskaner","4072700311034","1.09","0,33l (1 l = 3,30 €)","Getränke & Genussmittel","False","https://img.rewe-static.de/1180234/31504438_digital-image.png"
"Fürst Bismarck Kornbrand 0,7l","Fürst Bismarck","4000811590208","10.49","0,70l (1 l = 14,99 €)","Getränke & Genussmittel","False","https://img.rewe-static.de/4003306/1363170_digital-image.png"
"Fürst Bismarck Limo Zitrone & Limette 0,75l","Fürst Bismarck","4102380503167","1.09","0,75l","Getränke & Genussmittel","False","https://img.rewe-static.de/8746027/44714506_digital-image.png"
"Fürst Bismarck Mineralwasser Medium 1l","Fürst Bismarck","4102380502924","0.99","1l","Getränke & Genussmittel","False","https://img.rewe-static.de/8420573/36324854_digital-image.png"
"Fürst Bismarck Mineralwasser Still 0,5l","Fürst Bismarck","4102380500302","0.59","0,50l (1 l = 1,18 €)","Getränke & Genussmittel","False","https://img.rewe-static.de/0438372/38947113_digital-image.png"
"Gallo Family Rosé White Zinfandel lieblich 0,75l","Gallo","85000007839","5.99","0,75l (1 l = 7,99 €)","Getränke & Genussmittel","False","https://img.rewe-static.de/0349152/1681300_digital-image.png"
"Granini Trinkgenuss Himbeere-Maracuja-Apfel 6x1l","Granini","4048517741999","13.74","6x1l (1 l = 2,29 €)","Getränke & Genussmittel","False","https://img.rewe-static.de/7680476/41165827_digital-image.png"
"Grant's Blended Scotch Whisky The Family Reserve 0,7l","Grant's","5010327000404","13.99","0,70l (1 l = 19,99 €)","Getränke & Genussmittel","False","https://img.rewe-static.de/5602955/2528310_digital-image.png"
"Hasseröder Premium Pils 0,33l","Hasseröder","4014558322961","0.89","0,33l (1 l = 2,70 €)","Getränke & Genussmittel","False","https://img.rewe-static.de/9442871/11033820_digital-image.png"
"Hella Mineralwasser Classic 1l","Hella","4102380042734","0.69","1l","Getränke & Genussmittel","False","https://img.rewe-static.de/9194000/43993680_digital-image.png"
"Hella Mineralwasser Medium 1l","Hella","4102380042765","0.69","1l","Getränke & Genussmittel","False","https://img.rewe-static.de/7515140/43993545_digital-image.png"
"Hella Mineralwasser Naturell 1l","Hella","4102380042796","0.69","1l","Getränke & Genussmittel","False","https://img.rewe-static.de/9092763/44314759_digital-image.png"
"Hohes C Super Shots Antiox 12x0,33l","Hohes C","4048517689918","29.88","12x0,33l (1 l = 7,55 €)","Getränke & Genussmittel","False","https://img.rewe-static.de/7893432/34183240_digital-image.png"
"Hohes C Super Shots Immun 12x0,33l","Hohes C","4048517689833","29.88","12x0,33l (1 l = 7,55 €)","Getränke & Genussmittel","False","https://img.rewe-static.de/7893322/34183441_digital-image.png"
"Holsten Edel Pils 0,33l","Holsten","40678214","0.89","0,33l (1 l = 2,70 €)","Getränke & Genussmittel","False","https://img.rewe-static.de/7414595/11033180_digital-image.png"
"Holsten Pilsener 0,5l","Holsten","40678146","0.79","0,50l (1 l = 1,58 €)","Getränke & Genussmittel","False","https://img.rewe-static.de/6701124/7449210_digital-image.png"
"III Freunde Weißwein Riesling QbA trocken 0,75l","NA","4260638760042","9.9","0,75l (1 l = 13,20 €)","Getränke & Genussmittel","False","https://img.rewe-static.de/7665745/41322355_digital-image.png"
"Il Tauro Salice Salentino Rotwein trocken 0,75l","Il Tauro","4002859513515","5.79","0,75l (1 l = 7,72 €)","Getränke & Genussmittel","False","https://img.rewe-static.de/7068875/1368170_digital-image.png"
"Jack Daniel's Gentleman Jack 0,7l","Jack Daniel's","5099873038758","28.99","0,70l (1 l = 41,41 €)","Getränke & Genussmittel","False","https://img.rewe-static.de/1397049/21932428_digital-image.png"
"Johnnie Walker Gold Label Reserve Blended Scotch Whisky 0,7l","Johnnie Walker","5000267117560","47.99","0,70l (1 l = 68,56 €)","Getränke & Genussmittel","False","https://img.rewe-static.de/1425081/27051507_digital-image.png"
"Jägermeister 12x0,1l","Jägermeister","4067700121035","29.79","12x0,10l (1 l = 24,83 €)","Getränke & Genussmittel","False","https://img.rewe-static.de/3455297/1488270_digital-image.png"
"Kleiner Feigling 0,1l","Kleiner Feigling","42019022","1.99","0,10l (1 l = 19,90 €)","Getränke & Genussmittel","False","https://img.rewe-static.de/0205800/35062996_digital-image.png"
"Kleiner Feigling Magic Mango 0,5l","Kleiner Feigling","4004752253628","7.99","0,50l (1 l = 15,98 €)","Getränke & Genussmittel","False","https://img.rewe-static.de/2953337/27181463_digital-image.png"
"Kleiner Feigling Magic Mango 12x0,02l","Kleiner Feigling","4004752255226","6.99","12x0,02l (1 l = 29,13 €)","Getränke & Genussmittel","False","https://img.rewe-static.de/7903261/40612292_digital-image.png"
"Kleiner Feigling Vodka Mix 0,25l","Kleiner Feigling","4004752356855","2.69","0,25l","Getränke & Genussmittel","False","https://img.rewe-static.de/7619416/41898329_digital-image.png"
"Krombacher Almradler 6x0,33l","Krombacher","4008287956306","4.79","6x0,33l (1 l = 2,42 €)","Getränke & Genussmittel","False","https://img.rewe-static.de/9034776/42355767_digital-image.png"
"Krombacher Naturradler 0,33l","Krombacher","4008287940978","0.99","0,33l","Getränke & Genussmittel","False","https://img.rewe-static.de/8752701/37999447_digital-image.png"
"Krombacher Pils alkoholfrei 0,33l","Krombacher","4008287914498","0.99","0,33l (1 l = 3 €)","Getränke & Genussmittel","False","https://img.rewe-static.de/3221611/31504465_digital-image.png"
"Krombacher Weizen Alkoholfrei 20x0,5l","Krombacher","4008287064018","17.99","20x0,50l (1 l = 1,80 €)","Getränke & Genussmittel","False","https://img.rewe-static.de/2439210/32770604_digital-image.png"
"Krombacher Weizen alkoholfrei 0,33l","Krombacher","4008287064322","0.99","0,33l (1 l = 3 €)","Getränke & Genussmittel","False","https://img.rewe-static.de/0954457/26289359_digital-image.png"
"Krombacher's Fassbrause Zitrone 0,33l","Krombacher","4008287941371","0.99","0,33l","Getränke & Genussmittel","False","https://img.rewe-static.de/7829711/43469730_digital-image.png"
"König Pilsener 0,5l","König Pilsener","41007785","1.15","0,50l (1 l = 2,30 €)","Getränke & Genussmittel","False","https://img.rewe-static.de/7176872/4788340_digital-image.png"
"Küstennebel Taschenflasche 0,1l","Küstennebel","42000358","1.99","0,10l (1 l = 19,90 €)","Getränke & Genussmittel","False","https://img.rewe-static.de/5727251/7447230_digital-image.png"
"Lamberti Garda Rotwein Cabernet Sauvignon 0,75l","Lamberti","8000160616426","4.99","0,75l (1 l = 6,65 €)","Getränke & Genussmittel","False","https://img.rewe-static.de/7584619/44415190_digital-image.png"
"Lauffener Katzenbeisser Rosé Schwarzriesling Rosé trocken 0,75l","Lauffener","4005670012212","5.29","0,75l (1 l = 7,05 €)","Getränke & Genussmittel","False","https://img.rewe-static.de/3053890/22797085_digital-image.png"
"Lauffener Rotwein Katzenbeisser Samtrot Spätlese lieblich 0,75l","Lauffener","4005670054014","7.29","0,75l (1 l = 9,72 €)","Getränke & Genussmittel","False","https://img.rewe-static.de/4558898/2035580_digital-image.png"
"Lauffener Rotwein Württenberg QbA halbtrocken 1l","Lauffener","4005670292386","4.49","1l","Getränke & Genussmittel","False","https://img.rewe-static.de/1094554/10144310_digital-image.png"
"Lauffener Weingärtner Rotwein Schwarzriesling Schwarz Rot QbA lieblich 0,75l","Lauffener","4005670251109","4.99","0,75l (1 l = 6,65 €)","Getränke & Genussmittel","False","https://img.rewe-static.de/2907143/14692010_digital-image.png"
"Les Vignerons Weißwein Vermentine Colombard 0,75l","Les Vignerons","3263280111539","2.99","0,75l (1 l = 3,99 €)","Getränke & Genussmittel","False","https://img.rewe-static.de/2082370/21883213_digital-image.png"
"Lütauer Apfel-Mangosaft 0,7l","NA","4034025000086","1.99","0,70l (1 l = 2,84 €)","Getränke & Genussmittel","False","https://img.rewe-static.de/1215499/29213631_digital-image.png"
"Lütauer Bio Apfel-Ingwer Direktsaft 0,7l","NA","4034025000642","1.99","0,70l (1 l = 2,84 €)","Getränke & Genussmittel","False","https://img.rewe-static.de/8621234/33964079_digital-image.png"
"Lütauer Grapefruit Direktsaft 0,7l","NA","4034025000314","2.69","0,70l (1 l = 3,84 €)","Getränke & Genussmittel","False","https://img.rewe-static.de/2480645/41612747_digital-image.png"
"Malibu Piña Colada Still 0,25l","Malibu","4005971398077","2.69","0,25l (1 l = 10,76 €)","Getränke & Genussmittel","False","https://img.rewe-static.de/7616583/42585624_digital-image.png"
"Malibu Watermelon Fizz 0,25l","Malibu","4005971396301","2.69","0,25l (1 l = 10,76 €)","Getränke & Genussmittel","False","https://img.rewe-static.de/8704844/35156268_digital-image.png"
"Marques de Riscal Vina Colla Rotwein Rioja trocken 0,75l","Marques de Riscal","8410869451202","7.49","0,75l (1 l = 9,99 €)","Getränke & Genussmittel","False","https://img.rewe-static.de/0914032/22797131_digital-image.png"
"Medinet Rouge Rotwein Halbtrocken 6x1l","Medinet","4001432019734","19.74","6x1l (1 l = 3,29 €)","Getränke & Genussmittel","False","https://img.rewe-static.de/5610591/22619078_digital-image.png"
"Mezzo Mix 0,33l","Mezzo Mix","40822952","1.19","0,33l (1 l = 3,61 €)","Getränke & Genussmittel","False","https://img.rewe-static.de/7434502/27709268_digital-image.png"
"Mio Mio Limonade Lemon + Koffein 12x0,5l","Mio Mio","4002846134891","10.49","12x0,50l (1 l = 1,75 €)","Getränke & Genussmittel","False","https://img.rewe-static.de/8716429/35907824_digital-image.png"
"Monin Sirup Cranberry 0,25l","Monin","3052911606632","3.99","0,25l (1 l = 15,96 €)","Getränke & Genussmittel","False","https://img.rewe-static.de/0141334/20910858_digital-image.png"
"Monin Sirup Schokolade 0,25l","Monin","3052911606601","3.99","0,25l (1 l = 15,96 €)","Getränke & Genussmittel","False","https://img.rewe-static.de/8898502/43526208_digital-image.png"
"Monte da Pimenta Rotwein trocken 0,75l","NA","4337256598033","47.94","6x0,75l (1 l = 10,65 €)","Getränke & Genussmittel","False","https://img.rewe-static.de/7708477/41396472_digital-image.png"
"Mumm & Co. Weißwein Chardonnay Qualitätswein trocken 0,75l","Mumm & Co.","4011900542008","5.99","0,75l (1 l = 7,99 €)","Getränke & Genussmittel","False","https://img.rewe-static.de/8381448/30864104_digital-image.png"
"Nordlicht Dry Gin 0,5l","Nordlicht","4006714104856","12.99","0,50l (1 l = 25,98 €)","Getränke & Genussmittel","False","https://img.rewe-static.de/8774827/36543227_digital-image.png"
"Nörten-Hardenberger Pils 24x0,33l","Nörten-Hardenberger","4069800587247","9.49","24x0,33l (1 l = 1,20 €)","Getränke & Genussmittel","False","https://img.rewe-static.de/7057946/3032000_digital-image.png"
"Oberbräu Hell 0,5l","NA","4019357008740","1.29","0,50l (1 l = 2,58 €)","Getränke & Genussmittel","False","https://img.rewe-static.de/7813898/36784496_digital-image.png"
"Oldesloer & Orange 0,25l","Oldesloer","4061800099201","2.29","0,25l (1 l = 9,16 €)","Getränke & Genussmittel","False","https://img.rewe-static.de/9089555/43298883_digital-image.png"
"Oldesloer Blue Ice 0,7l","Oldesloer","40618074","5.49","0,70l (1 l = 7,84 €)","Getränke & Genussmittel","False","https://img.rewe-static.de/0969703/31928891_digital-image.png"
"Oldesloer Doppelkorn 0,7l","Oldesloer","40618050","8.49","0,70l (1 l = 12,13 €)","Getränke & Genussmittel","False","https://img.rewe-static.de/4755286/15133540_digital-image.png"
"Oldesloer Kümmel 0,7l","Oldesloer","40618494","8.49","0,70l (1 l = 12,13 €)","Getränke & Genussmittel","False","https://img.rewe-static.de/5706114/2528100_digital-image.png"
"Oldesloer Mango 0,7l","Oldesloer","40618531","5.49","0,70l (1 l = 7,84 €)","Getränke & Genussmittel","False","https://img.rewe-static.de/7106663/34478845_digital-image.png"
"Oldesloer Maracuja auf Wodka-Basis 0,7l","Oldesloer","40618845","5.49","0,70l (1 l = 7,84 €)","Getränke & Genussmittel","False","https://img.rewe-static.de/1358863/25192708_digital-image.png"
"Oldesloer Pflaume 0,7l","Oldesloer","40618746","5.49","0,70l (1 l = 7,84 €)","Getränke & Genussmittel","False","https://img.rewe-static.de/1358855/15133530_digital-image.png"
"Oldesloer Weizen Doppelkorn 0,2l","Oldesloer","40618296","2.99","0,20l (1 l = 14,95 €)","Getränke & Genussmittel","False","https://img.rewe-static.de/2033976/38948234_digital-image.png"
"Oldesloer Weizenkorn & Cola 0,25l","Oldesloer","4061800099003","2.29","0,25l (1 l = 9,16 €)","Getränke & Genussmittel","False","https://img.rewe-static.de/1213375/15133500_digital-image.png"
"Oldesloer Weizenkorn 0,2l","Oldesloer","40618265","2.69","0,20l (1 l = 13,45 €)","Getränke & Genussmittel","False","https://img.rewe-static.de/5706009/15134700_digital-image.png"
"Oldesloer Weizenkorn 0,35l","Oldesloer","40618036","4.49","0,35l (1 l = 12,83 €)","Getränke & Genussmittel","False","https://img.rewe-static.de/5706092/28774755_digital-image.png"
"Oldesloer Wodka 37,5%vol 0,2 l","Oldesloer","40618197","2.89","0,20l (1 l = 14,45 €)","Getränke & Genussmittel","False","https://img.rewe-static.de/1458627/27936271_digital-image.png"
"Orangina Rouge 6x0,5l","Orangina","4000140709432","8.34","6x0,50l (1 l = 2,78 €)","Getränke & Genussmittel","False","https://img.rewe-static.de/8155691/29552444_digital-image.png"
"Paulaner Hefe-Weißbier alkoholfrei 0,33l","Paulaner","4066600145257","1.09","0,33l (1 l = 3,30 €)","Getränke & Genussmittel","False","https://img.rewe-static.de/0912993/31504494_digital-image.png"
"Pilsner Urquell 0,33l","Pilsner Urquell","8594404110127","1.19","0,33l (1 l = 3,61 €)","Getränke & Genussmittel","False","https://img.rewe-static.de/6561713/31504559_digital-image.png"
"Prestige Weinbrand 0,7l","Prestige","4388840099979","6.99","0,70l (1 l = 9,99 €)","Getränke & Genussmittel","False","https://img.rewe-static.de/3550036/760130_digital-image.png"
"Prime Hydration Strawberry Banana 0,5l","PRIME","4004019073112","1.99","0,50l (1 l = 3,98 €)","Getränke & Genussmittel","False","https://img.rewe-static.de/9087416/43129654_digital-image.png"
"Radeberger Pilsner 0,33l","Radeberger","4014388001012","1.09","0,33l (1 l = 3,30 €)","Getränke & Genussmittel","False","https://img.rewe-static.de/0048178/10143370_digital-image.png"
"Radeberger Pilsner Alkoholfrei 0,33l","Radeberger","4053400208534","1.09","0,33l","Getränke & Genussmittel","False","https://img.rewe-static.de/8702475/43852243_digital-image.png"
"Rotkäppchen Glühwein 0,75l","Rotkäppchen-Mumm","4014741782213","4.49","0,75l (1 l = 5,99 €)","Getränke & Genussmittel","False","https://img.rewe-static.de/8011872/31487368_digital-image.png"
"Salitos Tequila Beer 0,33l","Salitos","4025127014972","1.89","0,33l (1 l = 5,73 €)","Getränke & Genussmittel","False","https://img.rewe-static.de/2716216/7168110_digital-image.png"
"Samtmuschel Weißwein Grauer Burgunder trocken 6x0,75l","NA","3700619341712","41.94","6x0,75l (1 l = 9,32 €)","Getränke & Genussmittel","False","https://img.rewe-static.de/7709003/41323256_digital-image.png"
"Scheyern Klostergold 0,5l","Kloster Scheyern","40179643","1.29","0,50l (1 l = 2,58 €)","Getränke & Genussmittel","False","https://img.rewe-static.de/4070305/26269566_digital-image.png"
"Schöfferhofer Hefeweizen 0,33l","Schöfferhofer","4053400273358","0.99","0,33l (1 l = 3 €)","Getränke & Genussmittel","False","https://img.rewe-static.de/1213526/31504534_digital-image.png"
"Schöfferhofer Weizen-Mix Kirsche 6x0,33l","Schöfferhofer","4053400007533","4.79","6x0,33l (1 l = 2,42 €)","Getränke & Genussmittel","False","https://img.rewe-static.de/8519734/32763571_digital-image.png"
"Spaten Münchner Hell 6x0,33l","Spaten","4072700006480","5.29","6x0,33l (1 l = 2,67 €)","Getränke & Genussmittel","False","https://img.rewe-static.de/7673556/40800194_digital-image.png"
"Specht Schwarzwälder Kirschwasser 0,5l","NA","4061800101300","8.99","0,50l (1 l = 17,98 €)","Getränke & Genussmittel","False","https://img.rewe-static.de/9458590/34182395_digital-image.png"
"Specht Williams Christ Birnenbrand 40% 0,5l","NA","4061800103304","8.49","0,50l (1 l = 16,98 €)","Getränke & Genussmittel","False","https://img.rewe-static.de/0359132/36778223_digital-image.png"
"Symington Tuella Limited Edition Rotwein DOC trocken 0,75l","NA","5608309017931","8.99","0,75l","Getränke & Genussmittel","False","https://img.rewe-static.de/8983529/40636275_digital-image.png"
"Tymbark Apfel Wassermelone Getränk 0,5l","Tymbark","4032549021181","1.19","0,50l (1 l = 2,38 €)","Getränke & Genussmittel","False","https://img.rewe-static.de/8235410/29036438_digital-image.png"
"Tymbark Limonade Apfel-Orange-Mango 0,33l","Tymbark","4032549031036","1.29","0,33l (1 l = 3,91 €)","Getränke & Genussmittel","False","https://img.rewe-static.de/7825717/37087910_digital-image.png"
"Tymbark Limonade Apfel-Wassermelone 0,33l","Tymbark","4032549031050","1.29","0,33l (1 l = 3,91 €)","Getränke & Genussmittel","False","https://img.rewe-static.de/7827554/37087912_digital-image.png"
"Veltins Biermix V+ Berry-X Guarana 0,33l","Veltins","4005249062785","0.99","0,33l","Getränke & Genussmittel","False","https://img.rewe-static.de/8757025/43446865_digital-image.png"
"Veltins Biermix V+ Sprizz 0,33l","Veltins","4005249063294","0.99","0,33l","Getränke & Genussmittel","False","https://img.rewe-static.de/8885111/38796857_digital-image.png"
"Veltins Biermix V+ Sprizz 6x0,33l","Veltins","4005249063300","4.79","6x0,33l (1 l = 2,42 €)","Getränke & Genussmittel","False","https://img.rewe-static.de/7710535/38796836_digital-image.png"
"Veltins Pils alkoholfrei 0,33l","Veltins","4005249002521","0.99","0,33l (1 l = 3 €)","Getränke & Genussmittel","False","https://img.rewe-static.de/1406175/2485360_digital-image.png"
"Veltins Pilsener 0,33l","Veltins","4005249005102","0.99","0,33l (1 l = 3 €)","Getränke & Genussmittel","False","https://img.rewe-static.de/4276566/26285220_digital-image.png"
"Veltins Pilsener 0,5l","Veltins","4005249000565","1.09","0,50l (1 l = 2,18 €)","Getränke & Genussmittel","False","https://img.rewe-static.de/6968945/7447170_digital-image.png"
"Veltins Radler alkoholfrei 0,33l","Veltins","4005249003818","0.99","0,33l (1 l = 3 €)","Getränke & Genussmittel","False","https://img.rewe-static.de/2107702/26302440_digital-image.png"
"Vilsa Leichte Limo Blaubeere 6x0,75l","Vilsa","4104450064417","8.34","6x0,75l (1 l = 1,85 €)","Getränke & Genussmittel","False","https://img.rewe-static.de/8686456/35440282_digital-image.png"
"Vilsa Mineralwasser Medium 0,7l","Vilsa","4104450001016","0.79","0,70l (1 l = 1,13 €)","Getränke & Genussmittel","False","https://img.rewe-static.de/1906639/25380799_digital-image.png"
"Vilsa Naturelle 1l","Vilsa","4104450004093","0.85","1l","Getränke & Genussmittel","False","https://img.rewe-static.de/2718235/26288995_digital-image.png"
"Voelkel Bio Demeter Shot Ingwer & Beeren 0,095l","Voelkel","4015533051067","1.99","95ml","Getränke & Genussmittel","False","https://img.rewe-static.de/7710121/38169746_digital-image.png"
"Warsteiner 0,33l","Warsteiner","4000856005422","0.99","0,33l (1 l = 3 €)","Getränke & Genussmittel","False","https://img.rewe-static.de/7052804/7449340_digital-image.png"
"Werner Bölkstoff 0,33l","Bölkstoff","42095033","1.19","0,33l (1 l = 3,61 €)","Getränke & Genussmittel","False","https://img.rewe-static.de/3267580/41260381_digital-image.png"
"White Birch Vodka 0,7l","NA","5298000620068","14.99","0,70l","Getränke & Genussmittel","False","https://img.rewe-static.de/9045487/42700540_digital-image.png"
"Wicküler Pilsener 0,33l","Wicküler","4079600330202","0.79","0,33l (1 l = 2,39 €)","Getränke & Genussmittel","False","https://img.rewe-static.de/7397747/26289307_digital-image.png"
"Wittenseer Iso Sport Vital Zitrone Kirsche 0,7l","Wittenseer","4014819590702","1.05","0,70l","Getränke & Genussmittel","False","https://img.rewe-static.de/0950699/47275830_digital-image.png"
"Wittenseer Zitronenlimonade 0,7l","Wittenseer","4014819110702","0.95","0,70l","Getränke & Genussmittel","False","https://img.rewe-static.de/0560116/47278473_digital-image.png"
"Württemberg Süß & Fruchtig Cuvée Weißwein QbA süß 0,75l","Württemberger","4006840093550","4.99","0,75l (1 l = 6,65 €)","Getränke & Genussmittel","False","https://img.rewe-static.de/8551226/32504304_digital-image.png"
"Württemberger Roséwein Trollinger Rosé 0,25l","Württemberger","4006840247403","1.99","0,25l (1 l = 7,96 €)","Getränke & Genussmittel","False","https://img.rewe-static.de/1395762/33894631_digital-image.png"
"Württemberger Weißwein Blanc De Noir Cuvee Edition Gourmet QbA halbtrocken 0,75l","Württemberger","4006840119557","4.99","0,75l (1 l = 6,65 €)","Getränke & Genussmittel","False","https://img.rewe-static.de/0178526/3420450_digital-image.png"
"Yeni Raki 0,7l","Yeni Raki","8697530200103","18.99","0,70l (1 l = 27,13 €)","Getränke & Genussmittel","False","https://img.rewe-static.de/5822742/39671126_digital-image.png"
"Zubr Vodka Biala 0,7l","NA","4032549042421","9.99","0,70l","Getränke & Genussmittel","False","https://img.rewe-static.de/9061929/43344469_digital-image.png"
"fritz-kola MischMasch 24x0,33l","Fritz","4260107221302","26.99","24x0,33l (1 l = 3,41 €)","Getränke & Genussmittel","False","https://img.rewe-static.de/1337771/22574506_digital-image.png"
"granini Fresh Grapefruit Rosmarin 6x0,75l","Granini","4048517755019","9.54","6x0,75l (1 l = 2,12 €)","Getränke & Genussmittel","False","https://img.rewe-static.de/8988901/43585602_digital-image.png"
"Granini Selection Rhabarber 6x0,75l","Granini","4048517757815","13.74","6x0,75l","Getränke & Genussmittel","False","https://img.rewe-static.de/7601765/43598959_digital-image.png"
"Klüvers Brauerei Heimat Craftbeer 4x0,33l","Klüvers","4260350715900","5.49","4x0,33l (1 l = 4,16 €)","Getränke & Genussmittel","False","https://img.rewe-static.de/8427254/33650164_digital-image.png"
"Klüvers Pils 4x0,33l","Klüvers","4260350715917","5.49","4x0,33l (1 l = 4,16 €)","Getränke & Genussmittel","False","https://img.rewe-static.de/8428308/33608744_digital-image.png"
"Torres Brandy 0,7l","Torres","8410113000071","15.99","0,70l (1 l = 22,84 €)","Getränke & Genussmittel","False","https://img.rewe-static.de/8943192/35973504_digital-image.png"
"ja! Mineralwasser Medium 6x1,5l","ja!","4388816166506","1.74","6x1,50l (1 l = 0,19 €)","Getränke & Genussmittel","False","https://img.rewe-static.de/0400568/7107080_digital-image.png"
"Ja! Apfelsaft 1l","ja!","4337256262194","1.15","1l","Getränke & Genussmittel","False","https://img.rewe-static.de/8595513/33725146_digital-image.png"
"ja! Mineralwasser Medium 6x0,5l","ja!","4388840216154","0.9","6x0,50l (1 l = 0,30 €)","Getränke & Genussmittel","False","https://img.rewe-static.de/1113197/10410300_digital-image.png"
"ja! Apfelschorle 0,5l","ja!","4388810057831","0.39","0,50l (1 l = 0,78 €)","Getränke & Genussmittel","False","https://img.rewe-static.de/0518565/24342298_digital-image.png"
"ja! Mineralwasser Classic 0,5l","ja!","4388810057732","0.15","0,50l (1 l = 0,30 €)","Getränke & Genussmittel","False","https://img.rewe-static.de/0518603/7795900_digital-image.png"
"ja! Apfelsaft 6x1l","ja!","4337256264075","5.94","6x1l (1 l = 0,99 €)","Getränke & Genussmittel","False","https://img.rewe-static.de/7898682/35088947_digital-image.png"
"Elfbar Blueberry E-Zigarette 1 Stück","NA","4255606716657","10.95","1 Stück","Getränke & Genussmittel","False","https://img.rewe-static.de/8911864/41231812_digital-image.png"
"ja! FruitKicks Multivitamin-Nektar 6x0,3l","ja!","4337256565790","4.14","6x0,30l","Getränke & Genussmittel","False","https://img.rewe-static.de/8893218/43698395_digital-image.png"
"Pall Mall Blue 36 Stück","Pall Mall","42461746","13.5","36 Stück","Getränke & Genussmittel","False","https://img.rewe-static.de/9968269/45539304_digital-image.png"
"ja! Zitronen-Limonade 1,5l","ja!","4388810057695","0.65","1,50l (1 l = 0,43 €)","Getränke & Genussmittel","False","https://img.rewe-static.de/0518204/7756930_digital-image.png"
"ja! Cola Mix 1,5l","ja!","4337256777544","0.65","1,50l (1 l = 0,43 €)","Getränke & Genussmittel","False","https://img.rewe-static.de/0975768/7558280_digital-image.png"
"American Spirit Master Blend Gold 30g","American Spirit","4032800055474","6.2","30g (1 kg = 206,67 €)","Getränke & Genussmittel","False","https://img.rewe-static.de/8919989/40331572_digital-image.png"
"ja! Orangensaft 1l","ja!","4337256264624","2.39","1l","Getränke & Genussmittel","False","https://img.rewe-static.de/8595443/34661725_digital-image.png"
"ja! Mineralwasser Classic 6x0,5l","ja!","4388810058036","0.9","6x0,50l (1 l = 0,30 €)","Getränke & Genussmittel","False","https://img.rewe-static.de/0519375/7795920_digital-image.png"
"ja! Orangen Limonade 1,5l","ja!","4388860578621","0.65","1,50l (1 l = 0,43 €)","Getränke & Genussmittel","False","https://img.rewe-static.de/0518557/7737670_digital-image.png"
"ja! Eistee Pfirsich Zero 1,5l","ja!","4337256327312","0.85","1,50l (1 l = 0,57 €)","Getränke & Genussmittel","False","https://img.rewe-static.de/8651599/34413089_digital-image.png"
"ja! Activ-Schorle Pfirsich-Melonengeschmack 0,75l","ja!","4337256378291","0.59","0,75l (1 l = 0,79 €)","Getränke & Genussmittel","False","https://img.rewe-static.de/8681729/35984039_digital-image.png"
"ja! FruitKicks Multivitamin-Nektar 0,3l","ja!","4337256579742","0.69","0,30l","Getränke & Genussmittel","False","https://img.rewe-static.de/7709991/40485933_digital-image.png"
"ja! Orangennektar 1,5l","ja!","4337256244732","2.19","1,50l (1 l = 1,46 €)","Getränke & Genussmittel","False","https://img.rewe-static.de/8574094/34743731_digital-image.png"
"Pall Mall Blue Giga 31 Stück","Pall Mall","42461661","11.8","31 Stück","Getränke & Genussmittel","False","https://img.rewe-static.de/9968565/44771901_digital-image.png"
"ja! Mineralwasser Still 6x0,5l","ja!","4388810058012","0.9","6x0,50l (1 l = 0,30 €)","Getränke & Genussmittel","False","https://img.rewe-static.de/0519120/7796050_digital-image.png"
"Ja! Apfelnektar 1,5l","ja!","4337256568883","1.59","1,50l (1 l = 1,06 €)","Getränke & Genussmittel","False","https://img.rewe-static.de/8602177/33779456_digital-image.png"
"ja! ACE-Vitamin-Getränk 6x1l","ja!","4388860164008","7.14","6x1l (1 l = 1,19 €)","Getränke & Genussmittel","False","https://img.rewe-static.de/7239985/31140653_digital-image.png"
"Pall Mall Blau 60 Stück","Pall Mall","42462910","20.5","60 Stück","Getränke & Genussmittel","False","https://img.rewe-static.de/9968477/44488504_digital-image.png"
"ja! Multivitaminnektar Light 1,5l","ja!","4337256786508","1.59","1,50l (1 l = 1,06 €)","Getränke & Genussmittel","False","https://img.rewe-static.de/8890642/39352106_digital-image.png"
"ja! Apelschorle 1,5l","ja!","4388810057848","1.09","1,50l (1 l = 0,73 €)","Getränke & Genussmittel","False","https://img.rewe-static.de/0518751/24421259_digital-image.png"
"John Player Rot Tabak 105g","JPS","4030500017990","29.95","105g (1 kg = 285,24 €)","Getränke & Genussmittel","False","https://img.rewe-static.de/9959625/44771079_digital-image.png"
"ja! Orangensaft 6x1l","ja!","4337256263931","14.34","6x1l (1 l = 2,39 €)","Getränke & Genussmittel","False","https://img.rewe-static.de/8596615/34688670_digital-image.png"
"Prince Rich 23 Stück","Prince Rich Taste","42462149","10.0","23 Stück","Getränke & Genussmittel","False","https://img.rewe-static.de/9969513/44487774_digital-image.png"
"ja! Erfrischungsgetränk Apfel-Rhabarber 0,5l","ja!","4388860644340","0.39","0,50l (1 l = 0,78 €)","Getränke & Genussmittel","False","https://img.rewe-static.de/2394742/24341451_digital-image.png"
"ja! Multivitaminsaft 6x1l","ja!","4337256264426","8.7","6x1l (1 l = 1,45 €)","Getränke & Genussmittel","False","https://img.rewe-static.de/8595091/34970718_digital-image.png"
"Break Original Tabak 90g","NA","5710840279362","18.95","90g","Getränke & Genussmittel","False","https://img.rewe-static.de/9081764/43406768_digital-image.png"
"ja! Apfel Rhabarber Schorle 6x0,5l","ja!","4388840221271","2.34","6x0,50l (1 l = 0,78 €)","Getränke & Genussmittel","False","https://img.rewe-static.de/2394743/25911588_digital-image.png"
"ja! Bitter Lemon 1,5l","ja!","4388810057718","0.75","1,50l (1 l = 0,50 €)","Getränke & Genussmittel","False","https://img.rewe-static.de/0518190/6575370_digital-image.png"
"ja! Getränkesirup mit Orangen-Geschmack 0,5l","ja!","4337256756860","1.49","0,50l (1 l = 2,98 €)","Getränke & Genussmittel","False","https://img.rewe-static.de/8669735/34638851_digital-image.png"
"JPS Red 60 Stück","JPS","4030500016313","21.0","60 Stück","Getränke & Genussmittel","False","https://img.rewe-static.de/9974505/44440990_digital-image.png"
"Gizeh Feinste Blättchen 4x50 Blatt","Gizeh","4002604001144","2.2","200 Stück","Getränke & Genussmittel","False","https://img.rewe-static.de/0959480/7459740_digital-image.png"
"Paramount Rot 31 Stück","NA","4030500017334","9.9","31 Stück","Getränke & Genussmittel","False","https://img.rewe-static.de/9974597/44441039_digital-image.png"
"ja! Apfel Holunder Schorle 6x0,5l","ja!","4388840221516","2.34","6x0,50l (1 l = 0,78 €)","Getränke & Genussmittel","False","https://img.rewe-static.de/2394739/25911097_digital-image.png"
"ja! Mineralwasser Medium 0,5l","ja!","4388840215829","0.15","0,50l (1 l = 0,30 €)","Getränke & Genussmittel","False","https://img.rewe-static.de/1113023/10410310_digital-image.png"
"ja! Orangenlimonade 0% Zucker 1,5l","ja!","4337256324410","0.65","1,50l (1 l = 0,43 €)","Getränke & Genussmittel","False","https://img.rewe-static.de/7225715/27683598_digital-image.png"
"ja! Cola-Mix 0% Zucker 1,5l","ja!","4337256384841","0.65","1,50l (1 l = 0,43 €)","Getränke & Genussmittel","False","https://img.rewe-static.de/0975919/7558310_digital-image.png"
"ja! Orangenlimonade 0% Zucker 6x1,5l","ja!","4388860150100","3.9","6x1,50l (1 l = 0,43 €)","Getränke & Genussmittel","False","https://img.rewe-static.de/7226202/27901926_digital-image.png"
"ja! Bitter Lemon 6x1,5l","ja!","4388810057978","4.5","6x1,50l (1 l = 0,50 €)","Getränke & Genussmittel","False","https://img.rewe-static.de/0518611/6948080_digital-image.png"
"ja! Apfelschorle 6x1,5l","ja!","4388810058104","6.54","6x1,50l (1 l = 0,73 €)","Getränke & Genussmittel","False","https://img.rewe-static.de/0520330/3036790_digital-image.png"
"Pall Mall Red Mega Box 125g","Pall Mall","4031300329238","34.95","125g (1 kg = 279,60 €)","Getränke & Genussmittel","False","https://img.rewe-static.de/9939012/45697414_digital-image.png"
"JPS Red 44 Stück","JPS","4030500016252","16.0","44 Stück","Getränke & Genussmittel","False","https://img.rewe-static.de/9974703/44441220_digital-image.png"
"ja! Cola 6x1,5l","ja!","4388810058074","3.9","6x1,50l (1 l = 0,43 €)","Getränke & Genussmittel","False","https://img.rewe-static.de/0518727/7882680_digital-image.png"
"ja! Mineralwasser Still 6x1,5l","ja!","4388810058111","1.74","6x1,50l (1 l = 0,19 €)","Getränke & Genussmittel","False","https://img.rewe-static.de/1988093/7107030_digital-image.png"
"ja! Apfelschorle 6x0,5l","ja!","4388810058005","2.34","6x0,50l (1 l = 0,78 €)","Getränke & Genussmittel","False","https://img.rewe-static.de/0520322/2141160_digital-image.png"
"ja! Eistee Pfirsich 6x1,5l","ja!","4388840215874","5.1","6x1,50l (1 l = 0,57 €)","Getränke & Genussmittel","False","https://img.rewe-static.de/1037883/8626880_digital-image.png"
"ja! Orangen-Limonade 6x1,5l","ja!","4388810058050","3.9","6x1,50l (1 l = 0,43 €)","Getränke & Genussmittel","False","https://img.rewe-static.de/0518913/7738200_digital-image.png"
"ja! Cola-Mix 6x1,5l","ja!","4388816199733","3.9","6x1,50l (1 l = 0,43 €)","Getränke & Genussmittel","False","https://img.rewe-static.de/0975903/7737850_digital-image.png"
"ja! Zitronen-Limonade 6x1,5l","ja!","4388810058067","3.9","6x1,50l (1 l = 0,43 €)","Getränke & Genussmittel","False","https://img.rewe-static.de/0518816/7756960_digital-image.png"
"ja! Multivitamin-Saft 1l","ja!","4337256789554","1.45","1l","Getränke & Genussmittel","False","https://img.rewe-static.de/7897429/33726818_digital-image.png"
"ja! Eistee Zitrone 6x1,5l","ja!","4388840215232","5.1","6x1,50l (1 l = 0,57 €)","Getränke & Genussmittel","False","https://img.rewe-static.de/1037880/36047281_digital-image.png"
"ja! Mineralwasser Classic 6x1,5l","ja!","4388810058043","1.74","6x1,50l (1 l = 0,19 €)","Getränke & Genussmittel","False","https://img.rewe-static.de/0518174/7107150_digital-image.png"
"ja! Cola ohne Zucker 1,5l","ja!","4388816191898","0.65","1,50l (1 l = 0,43 €)","Getränke & Genussmittel","False","https://img.rewe-static.de/0905192/38973634_digital-image.png"
"Gizeh Slim Filter 120 Stück","Gizeh","4002604009256","1.5","120 Stück","Getränke & Genussmittel","False","https://img.rewe-static.de/0066829/20243605_digital-image.png"
"ja! Mineralwasser Classic 1,5l","ja!","4388810057657","0.29","1,50l (1 l = 0,19 €)","Getränke & Genussmittel","False","https://img.rewe-static.de/0517488/7107100_digital-image.png"
"ja! Activ-Schorle Pfirsich-Melonengeschmack 6x0,75l","ja!","4337256381659","3.54","6x0,75l (1 l = 0,79 €)","Getränke & Genussmittel","False","https://img.rewe-static.de/8682693/36825249_digital-image.png"
"ja! Zitronenlimonade 0% Zucker 1,5l","ja!","4388860147391","0.65","1,50l (1 l = 0,43 €)","Getränke & Genussmittel","False","https://img.rewe-static.de/7248900/27683595_digital-image.png"
"Lucky Strike Authentic Blue Super 30 Stück","Lucky Strike","42461357","12.0","30 Stück","Getränke & Genussmittel","False","https://img.rewe-static.de/9969432/44487799_digital-image.png"
"ja! Cola ohne Zucker 6x1,5l","ja!","22413444","3.9","6x1,50l (1 l = 0,43 €)","Getränke & Genussmittel","False","https://img.rewe-static.de/0905749/6947930_digital-image.png"
"Pueblo Tabak Blue 30g","Pueblo","42012016","5.95","30g (1 kg = 198,33 €)","Getränke & Genussmittel","False","https://img.rewe-static.de/8895578/38783643_digital-image.png"
"ja! Apfelnektar 6x1,5l","ja!","4337256270298","9.54","6x1,50l (1 l = 1,06 €)","Getränke & Genussmittel","False","https://img.rewe-static.de/7892514/34632799_digital-image.png"
"ja! Zitronenlimonade 0% Zucker 6x1,5l","ja!","4388860150445","3.9","6x1,50l (1 l = 0,43 €)","Getränke & Genussmittel","False","https://img.rewe-static.de/7226874/27901923_digital-image.png"
"JPS Red 26 Stück","JPS","4030500015170","10.0","26 Stück","Getränke & Genussmittel","False","https://img.rewe-static.de/9974699/44441209_digital-image.png"
"ja! ACE-Vitamin-Getränk 1l","ja!","4388860160833","1.19","1l","Getränke & Genussmittel","False","https://img.rewe-static.de/7236359/29254293_digital-image.png"
"ja! Mineralwasser Still 0,5l","ja!","4388810057725","0.15","0,50l (1 l = 0,30 €)","Getränke & Genussmittel","False","https://img.rewe-static.de/0518115/7795950_digital-image.png"
"ja! Eistee Pfirsich 1,5l","ja!","4388860193237","0.85","1,50l (1 l = 0,57 €)","Getränke & Genussmittel","False","https://img.rewe-static.de/1037871/8626830_digital-image.png"
"Pueblo Blue Tabak 30g","Pueblo","42464761","6.5","30g (1 kg = 216,67 €)","Getränke & Genussmittel","False","https://img.rewe-static.de/9904807/48221725_digital-image.png"
"ja! Eistee Zitrone 1,5l","ja!","4388860192933","0.85","1,50l (1 l = 0,57 €)","Getränke & Genussmittel","False","https://img.rewe-static.de/1037866/8626910_digital-image.png"
"Paramount Red 60 Stück","NA","4030500017396","18.9","60 Stück","Getränke & Genussmittel","False","https://img.rewe-static.de/9974501/44441016_digital-image.png"
"Gizeh Fine Magnet 100 Blatt","Gizeh","42227526","1.2","100 Stück","Getränke & Genussmittel","False","https://img.rewe-static.de/1290238/20243621_digital-image.png"
"ja! Mineralwasser Still 1,5l","ja!","4388810057817","0.29","1,50l (1 l = 0,19 €)","Getränke & Genussmittel","False","https://img.rewe-static.de/1987950/7107000_digital-image.png"
"Marlboro Gold 30 Stück","Marlboro","42451464","12.0","30 Stück","Getränke & Genussmittel","False","https://img.rewe-static.de/9114164/44227530_digital-image.png"
"Elfbar Blue Razz Lemonade 20mg","NA","4255606703039","9.95","1 Stück","Getränke & Genussmittel","False","https://img.rewe-static.de/8845728/40331530_digital-image.png"
"ja! Mineralwasser Medium 1,5l","ja!","4388840103942","0.29","1,50l (1 l = 0,19 €)","Getränke & Genussmittel","False","https://img.rewe-static.de/0400552/7107040_digital-image.png"
"ja! Cola-Mix 0% Zucker 6x1,5l","ja!","4388816199740","3.9","6x1,50l (1 l = 0,43 €)","Getränke & Genussmittel","False","https://img.rewe-static.de/0975927/7737800_digital-image.png"
"ja! Eistee Pfirsich zero 6x1,5l","ja!","4337256327220","5.1","6x1,50l (1 l = 0,57 €)","Getränke & Genussmittel","False","https://img.rewe-static.de/7862416/35463674_digital-image.png"
"Marlboro Red 24 Stück","Marlboro","42451860","10.0","24 Stück","Getränke & Genussmittel","False","https://img.rewe-static.de/9982559/44227509_digital-image.png"
"L&M Red Label 26 Stück","L&M","42451754","10.0","26 Stück","Getränke & Genussmittel","False","https://img.rewe-static.de/9984005/44227829_digital-image.png"
"American Spirit Blue Tabak 30g","American Spirit","4032800055443","5.8","30g (1 kg = 193,33 €)","Getränke & Genussmittel","False","https://img.rewe-static.de/8920888/39044699_digital-image.png"
"Pall Mall Red Giga 31 Stück","Pall Mall","42461418","11.8","31 Stück","Getränke & Genussmittel","False","https://img.rewe-static.de/9968247/44771940_digital-image.png"
"Lucky Strike Red 30 Stück","Lucky Strike","42461111","12.0","30 Stück","Getränke & Genussmittel","False","https://img.rewe-static.de/9967200/44487781_digital-image.png"
"R1 20 Stück","R1","4030500013640","8.8","20 Stück","Getränke & Genussmittel","False","https://img.rewe-static.de/9973617/44441229_digital-image.png"
"Lucky Strike Authentic Red 30 Stück","Lucky Strike","42461296","12.0","30 Stück","Getränke & Genussmittel","False","https://img.rewe-static.de/9970523/44488069_digital-image.png"
"Terea für Iqos Iluma Sienna 20 Stück","Heets","4023500046039","7.5","20 Stück","Getränke & Genussmittel","False","https://img.rewe-static.de/9894103/48189374_digital-image.png"
"Winston Red Mega Box Tabak 125g","Winston","4032800056303","34.95","125g (1 kg = 279,60 €)","Getränke & Genussmittel","False","https://img.rewe-static.de/9942010/45399879_digital-image.png"
"Terea für Iqos Iluma Turquiose 20 Stück","Heets","4023500046169","7.5","20 Stück","Getränke & Genussmittel","False","https://img.rewe-static.de/8159395/48221720_digital-image.png"
"Pall Mall Red Hercules 60 Stück","Pall Mall","42462903","20.5","60 Stück","Getränke & Genussmittel","False","https://img.rewe-static.de/9969057/44488769_digital-image.png"
"L&M Blue Label 22 Stück","L&M","42451709","9.0","22 Stück","Getränke & Genussmittel","False","https://img.rewe-static.de/9983593/44241681_digital-image.png"
"ja! Orangennektar 6x1,5l","ja!","4337256246798","13.14","6x1,50l (1 l = 1,46 €)","Getränke & Genussmittel","False","https://img.rewe-static.de/8582624/34995066_digital-image.png"
"West Original 20 Stück","West","4030500016702","8.3","20 Stück","Getränke & Genussmittel","False","https://img.rewe-static.de/9972569/44441135_digital-image.png"
"Marlboro Silver Blue 20 Stück","Marlboro","42451815","8.7","20 Stück","Getränke & Genussmittel","False","https://img.rewe-static.de/9982881/44227479_digital-image.png"
"ja! Getränkesirup mit Zitronen-Limettengeschmack 0,5l","ja!","4337256742924","1.49","0,50l (1 l = 2,98 €)","Getränke & Genussmittel","False","https://img.rewe-static.de/8672028/34638854_digital-image.png"
"John Player Blue 26 Stück","JPS","4030500015477","10.0","26 Stück","Getränke & Genussmittel","False","https://img.rewe-static.de/9973716/44441595_digital-image.png"
"OCB Blau Gummizug 100 Blatt","OCB","30034440","1.3","100 Stück","Getränke & Genussmittel","False","https://img.rewe-static.de/9517332/7479930_digital-image.png"
"ja! Cola 0,33l","ja!","4337256763783","0.39","0,33l","Getränke & Genussmittel","False","https://img.rewe-static.de/7602166/45082837_digital-image.png"
"Pueblo Classic Tabak 30g","Pueblo","42464778","6.5","30g (1 kg = 216,67 €)","Getränke & Genussmittel","False","https://img.rewe-static.de/9906206/48221703_digital-image.png"
"Vogue Bleue 20 Stück","Vogue","42460633","8.7","20 Stück","Getränke & Genussmittel","False","https://img.rewe-static.de/9970222/44487270_digital-image.png"
"Lucky Strike Red Hercules 60 Stück","Lucky Strike","42461180","22.0","60 Stück","Getränke & Genussmittel","False","https://img.rewe-static.de/9970507/44488038_digital-image.png"
"West Red 85g","West","4030500017723","24.95","85g (1 kg = 293,53 €)","Getränke & Genussmittel","False","https://img.rewe-static.de/9959034/44769614_digital-image.png"
"L&M Blue Label 26 Stück","L&M","42451716","10.0","26 Stück","Getränke & Genussmittel","False","https://img.rewe-static.de/9983895/44227587_digital-image.png"
"Marlboro Gold 20 Stück","Marlboro","42451921","8.7","20 Stück","Getränke & Genussmittel","False","https://img.rewe-static.de/9983367/44227439_digital-image.png"
"ja! FruitKicks Roter Multivitamin Mehrfrucht-Nektar 0,3l","ja!","4337256583626","0.69","0,30l","Getränke & Genussmittel","False","https://img.rewe-static.de/8893386/40485952_digital-image.png"
"Winston Tabak Blue 105g","Winston","4032800056334","29.95","105g (1 kg = 285,24 €)","Getränke & Genussmittel","False","https://img.rewe-static.de/9948108/45399775_digital-image.png"
"Pall Mall Blue XL Filtercigarillos 17 Stück","Pall Mall","4031300309407","3.0","17 Stück","Getränke & Genussmittel","False","https://img.rewe-static.de/9116423/43862392_digital-image.png"
"Terea für Iqos Iluma Amber 20 Stück","Heets","4023500045988","7.5","20 Stück","Getränke & Genussmittel","False","https://img.rewe-static.de/9894297/48221708_digital-image.png"
"ja! Apfel-Holunderblüte Erfrischungsgetränk 0,5l","ja!","4388860644357","0.39","0,50l (1 l = 0,78 €)","Getränke & Genussmittel","False","https://img.rewe-static.de/2394735/24341447_digital-image.png"
"Elfbar Peach Ice 20mg","NA","4255606703145","9.95","1 Stück","Getränke & Genussmittel","False","https://img.rewe-static.de/7740341/40331846_digital-image.png"
"Elfbar Blueberry 20mg","NA","4255606703046","9.95","1 Stück","Getränke & Genussmittel","False","https://img.rewe-static.de/8844869/40397903_digital-image.png"
"ja! Multivitaminnektar 6x1,5l","ja!","4337256569361","9.54","6x1,50l (1 l = 1,06 €)","Getränke & Genussmittel","False","https://img.rewe-static.de/8891913/43398790_digital-image.png"
"Gauloises Blau 38 Stück","Gauloises","4030500014937","15.0","38 Stück","Getränke & Genussmittel","False","https://img.rewe-static.de/9973535/44441276_digital-image.png"
"Paramount Tabak 135g","Paramount","4030500017570","29.95","135g (1 kg = 221,85 €)","Getränke & Genussmittel","False","https://img.rewe-static.de/9958958/44771010_digital-image.png"
"Marlboro Gold 54 Stück","Marlboro","42451761","20.0","54 Stück","Getränke & Genussmittel","False","https://img.rewe-static.de/9982677/44241505_digital-image.png"
"Pall Mall Red 36 Stück","Pall Mall","42461494","13.5","36 Stück","Getränke & Genussmittel","False","https://img.rewe-static.de/9968251/45539225_digital-image.png"
"Marlboro Red 54 Stück","Marlboro","42451792","20.0","54 Stück","Getränke & Genussmittel","False","https://img.rewe-static.de/9982763/44241510_digital-image.png"
"Gauloises Rot 38 Stück","Gauloises","4030500014999","15.0","38 Stück","Getränke & Genussmittel","False","https://img.rewe-static.de/9972445/44441533_digital-image.png"
"Marlboro Gold 38 Stück","Marlboro","42451778","15.0","38 Stück","Getränke & Genussmittel","False","https://img.rewe-static.de/9982975/44227792_digital-image.png"
"Elfbar Watermelon 20mg","NA","4255606703190","9.95","1 Stück","Getränke & Genussmittel","False","https://img.rewe-static.de/8838352/40331235_digital-image.png"
"Lucky Strike Rot 36 Stück","Lucky Strike","42461135","13.9","36 Stück","Getränke & Genussmittel","False","https://img.rewe-static.de/9971002/45899844_digital-image.png"
"ja! FruitKicks Roter Multivitamin Mehrfrucht-Nektar 6x0,3l","ja!","4337256581820","4.14","6x0,30l","Getränke & Genussmittel","False","https://img.rewe-static.de/8891896/43697591_digital-image.png"
"Fair Play Premium Filter XXL 24 Stück","NA","42462880","8.0","24 Stück","Getränke & Genussmittel","False","https://img.rewe-static.de/9969166/44488476_digital-image.png"
"OCB Schwarz Premium Long Slim 32 Blatt","OCB","30058569","1.45","32 Stück","Getränke & Genussmittel","False","https://img.rewe-static.de/0079213/25570331_digital-image.png"
"West Yellow 39g","West","4030500017938","11.95","39g (1 kg = 306,41 €)","Getränke & Genussmittel","False","https://img.rewe-static.de/9958038/44769476_digital-image.png"
"Pall Mall Rot 22 Stück","Pall Mall","42461364","9.0","22 Stück","Getränke & Genussmittel","False","https://img.rewe-static.de/9968543/44488468_digital-image.png"
"Vuse Go 1000 Peppermint Ice 20mg","NA","4031300317136","9.95","1 Stück","Getränke & Genussmittel","False","https://img.rewe-static.de/7564689/43863386_digital-image.png"
"L&M Red 41 Stück","L&M","42451679","15.0","41 Stück","Getränke & Genussmittel","False","https://img.rewe-static.de/9984507/44227613_digital-image.png"
"Gauloises Rot 35 Stück","Gauloises","4030500017150","14.0","35 Stück","Getränke & Genussmittel","False","https://img.rewe-static.de/9972543/44440863_digital-image.png"
"King Size Slim+Tips 34 Stück","NA","42296393","2.2","34 Stück","Getränke & Genussmittel","False","https://img.rewe-static.de/2602976/26812149_digital-image.png"
"JPS Blue 44 Stück","JPS","4030500016283","16.0","44 Stück","Getränke & Genussmittel","False","https://img.rewe-static.de/9970620/44441345_digital-image.png"
"Pall Mall Red Jumbo 50 Stück","Pall Mall","42461562","17.6","50 Stück","Getränke & Genussmittel","False","https://img.rewe-static.de/9969455/44488453_digital-image.png"
"Elfbar Grape 20mg","NA","4255606703107","9.95","1 Stück","Getränke & Genussmittel","False","https://img.rewe-static.de/8842735/40331716_digital-image.png"
"Lucky Strike USA Red 30g","Lucky Strike","42472421","7.3","30g (1 kg = 243,33 €)","Getränke & Genussmittel","False","https://img.rewe-static.de/9939001/45697622_digital-image.png"
"Pall Mall Blue Jumbo 50 Stück","Pall Mall","42461814","17.6","50 Stück","Getränke & Genussmittel","False","https://img.rewe-static.de/9970774/44488664_digital-image.png"
"Pall Mall Blue XXL 22 Stück","Pall Mall","42461616","9.0","22 Stück","Getränke & Genussmittel","False","https://img.rewe-static.de/9968061/44488567_digital-image.png"
"Terea Russet 20 Stück","Heets","4023500046046","7.5","20 Stück","Getränke & Genussmittel","False","https://img.rewe-static.de/8170705/48370372_digital-image.png"
"Peter Stuyvesant 20 Stück","Peter Stuyvesant","4030500013558","8.8","20 Stück","Getränke & Genussmittel","False","https://img.rewe-static.de/9973513/44441411_digital-image.png"
"Marlboro Red 20 Stück","Marlboro","42451952","8.7","20 Stück","Getränke & Genussmittel","False","https://img.rewe-static.de/9982553/44227447_digital-image.png"
"Gauloises Blau 35 Stück","Gauloises","4030500017129","14.0","35 Stück","Getränke & Genussmittel","False","https://img.rewe-static.de/9973232/44440844_digital-image.png"
"Heets für Iqos Sienna Selection 20 Stück","Heets","4023500045940","7.5","20 Stück","Getränke & Genussmittel","False","https://img.rewe-static.de/9892791/48221715_digital-image.png"
"American Spirit Yellow 30g","American Spirit","4032800055467","5.8","30g (1 kg = 193,33 €)","Getränke & Genussmittel","False","https://img.rewe-static.de/8921987/39044712_digital-image.png"
"Fair Play Filter 31 Stück","NA","42471868","9.9","31 Stück","Getränke & Genussmittel","False","https://img.rewe-static.de/9968468/44488808_digital-image.png"
"Lucky Strike Authentic Red XXL 21 Stück","Lucky Strike","42462507","9.0","21 Stück","Getränke & Genussmittel","False","https://img.rewe-static.de/9970219/44487856_digital-image.png"
"West Rot 57 Stück","West","4030500016979","19.9","57 Stück","Getränke & Genussmittel","False","https://img.rewe-static.de/9972677/44441671_digital-image.png"
"Marlboro Gold Long 20 Stück","Marlboro","42451907","8.8","20 Stück","Getränke & Genussmittel","False","https://img.rewe-static.de/9982379/44227490_digital-image.png"
"Elixyr+ M-Type 23 Stück","Elixyr","5400827031662","8.0","23 Stück","Getränke & Genussmittel","False","https://img.rewe-static.de/9010778/41713375_digital-image.png"
"JPS Red 20 Stück","JPS","4030500016047","8.3","20 Stück","Getränke & Genussmittel","False","https://img.rewe-static.de/9973994/44440970_digital-image.png"
"Pueblo Classic Tabak 100g","Pueblo","42464785","21.2","100g (1 kg = 212 €)","Getränke & Genussmittel","False","https://img.rewe-static.de/8170828/48221696_digital-image.png"
"West Original 44 Stück","West","4030500016917","15.9","44 Stück","Getränke & Genussmittel","False","https://img.rewe-static.de/9973275/44441249_digital-image.png"
"Marlboro Red 30 Stück","Marlboro","42451471","12.0","30 Stück","Getränke & Genussmittel","False","https://img.rewe-static.de/7564438/44227779_digital-image.png"
"Marlboro Red 38 Stück","Marlboro","42451808","15.0","38 Stück","Getränke & Genussmittel","False","https://img.rewe-static.de/9981761/44227549_digital-image.png"
"Paramount Volumentabak 255g","Paramount","4030500017631","49.95","255g","Getränke & Genussmittel","False","https://img.rewe-static.de/9958359/44769939_digital-image.png"
"L&M Blue Label 55 Stück","L&M","42451341","19.0","55 Stück","Getränke & Genussmittel","False","https://img.rewe-static.de/9984099/44292776_digital-image.png"
"L&M Rot 7XL-Box 55 Stück","L&M","42451358","19.0","55 Stück","Getränke & Genussmittel","False","https://img.rewe-static.de/9983809/44241503_digital-image.png"
"Lucky Strike Authentic Blue XXL 21 Stück","Lucky Strike","42462538","9.0","21 Stück","Getränke & Genussmittel","False","https://img.rewe-static.de/9969727/44487929_digital-image.png"
"Heets für Iqos Yellow Selection 20 Stück","Heets","4023500045919","7.5","20 Stück","Getränke & Genussmittel","False","https://img.rewe-static.de/9893189/48189362_digital-image.png"
"JPS Blue 35 Stück","JPS","4030500015712","13.0","35 Stück","Getränke & Genussmittel","False","https://img.rewe-static.de/9974118/44440951_digital-image.png"
"OCB Filter Tips 50 Stück","OCB","30104082","0.9","50 Stück","Getränke & Genussmittel","False","https://img.rewe-static.de/1911878/26013363_digital-image.png"
"Pall Mall Blau 36 Stück","Pall Mall","42462132","13.5","36 Stück","Getränke & Genussmittel","False","https://img.rewe-static.de/9970902/45536542_digital-image.png"
"Terea Yellow 20 Stück","Heets","4023500045995","7.5","20 Stück","Getränke & Genussmittel","False","https://img.rewe-static.de/9894301/48370387_digital-image.png"
"L&M Blau 20 Stück","L&M","42451730","8.3","20 Stück","Getränke & Genussmittel","False","https://img.rewe-static.de/9982789/44241587_digital-image.png"
"Terea Bronze 20 Stück","Heets","4023500046152","7.5","20 Stück","Getränke & Genussmittel","False","https://img.rewe-static.de/9893999/48369362_digital-image.png"
"Terea Teak 20 Stück","Heets","4023500046053","7.5","20 Stück","Getränke & Genussmittel","False","https://img.rewe-static.de/9893907/48368169_digital-image.png"
"West Silver 57 Stück","West","4030500017006","19.9","57 Stück","Getränke & Genussmittel","False","https://img.rewe-static.de/9971090/44440922_digital-image.png"
"Davidoff Classic 20 Stück","Davidoff","4030500012629","8.7","20 Stück","Getränke & Genussmittel","False","https://img.rewe-static.de/9972361/44441267_digital-image.png"
"Heets für Iqos Amber Selection 20 Stück","Heets","4023500045902","7.5","20 Stück","Getränke & Genussmittel","False","https://img.rewe-static.de/8171185/48221216_digital-image.png"
"neo for glo Rich Tabacco Tabaksticks 20 Stück","neo","42459354","6.5","20 Stück","Getränke & Genussmittel","False","https://img.rewe-static.de/8164389/46502568_digital-image.png"
"Terea Warm Fuse 20 Stück","Heets","4023500046077","7.5","20 Stück","Getränke & Genussmittel","False","https://img.rewe-static.de/9893111/48370602_digital-image.png"
"American Spirit 21 Stück","American Spirit","42454359","9.0","21 Stück","Getränke & Genussmittel","False","https://img.rewe-static.de/9963412/46198480_digital-image.png"
"Elfbar Strawberry Ice","NA","4255606703183","9.95","1 Stück","Getränke & Genussmittel","False","https://img.rewe-static.de/8838449/40331818_digital-image.png"
"Heets für Iqos Russet Selection 20 Stück","Heets","4023500045957","7.5","20 Stück","Getränke & Genussmittel","False","https://img.rewe-static.de/8171281/48221682_digital-image.png"
"Jakordia Vario-Stopfgerät für Filterhülsen","Jakordia","42257042","5.89","1 Stück","Getränke & Genussmittel","False","https://img.rewe-static.de/8041095/30842776_digital-image.png"
"Lucky Strike Blau 20 Stück","Lucky Strike","42460732","8.7","20 Stück","Getränke & Genussmittel","False","https://img.rewe-static.de/9970009/44487284_digital-image.png"
"Pall Mall Blue 12x22 Stück","Pall Mall","4031300320488","108.0","12x22 Stück","Getränke & Genussmittel","False","https://img.rewe-static.de/9969162/47631226_digital-image.png"
"Pall Mall Blue Giga 8x31 Stück","Pall Mall","4031300320532","94.4","8x31 Stück","Getränke & Genussmittel","False","https://img.rewe-static.de/9969066/47631289_digital-image.png"
"Pall Mall Red Jumbo 6x50 Stück","Pall Mall","4031300320433","105.6","6x50 Stück","Getränke & Genussmittel","False","https://img.rewe-static.de/9969256/47630500_digital-image.png"
"West Red Tabak 176g","West","4030500017815","48.95","176g (1 kg = 278,13 €)","Getränke & Genussmittel","False","https://img.rewe-static.de/9958739/44771311_digital-image.png"
"L&M Red Label 22 Stück","L&M","42451723","9.0","22 Stück","Getränke & Genussmittel","False","https://img.rewe-static.de/9984103/44241774_digital-image.png"
"Lucky Strike Red 8x36 Stück","Lucky Strike","4031300320006","111.2","8x36 Stück","Getränke & Genussmittel","False","https://img.rewe-static.de/9970603/47631121_digital-image.png"
"Ocb Active Tips Slim 50 Stück","OCB","3057068276509","7.1","50 Stück","Getränke & Genussmittel","False","https://img.rewe-static.de/8222549/33190235_digital-image.png"
"Pall Mall Red 12x22 Stück","Pall Mall","4031300320235","108.0","12x22 Stück","Getränke & Genussmittel","False","https://img.rewe-static.de/9968744/47631156_digital-image.png"
"Pall Mall Spark 20 Stück","Pall Mall","42462729","8.3","20 Stück","Getränke & Genussmittel","False","https://img.rewe-static.de/9970407/44488470_digital-image.png"
"Tera Yellow Green 20 Stück","Heets","4023500046060","7.5","20 Stück","Getränke & Genussmittel","False","https://img.rewe-static.de/9894109/48370933_digital-image.png"
"West Yellow Giga Box Tabak 245g","West","4030500017907","59.95","245g (1 kg = 244,69 €)","Getränke & Genussmittel","False","https://img.rewe-static.de/9957942/44771636_digital-image.png"
"veo for glo Tabacco Free click Sticks 20 Stück","GLO","42459996","6.5","20 Stück","Getränke & Genussmittel","False","https://img.rewe-static.de/8163005/46502628_digital-image.png"
"Dunhill Blue 20 Stück","Dunhill","42460886","8.5","20 Stück","Getränke & Genussmittel","False","https://img.rewe-static.de/9969262/44487320_digital-image.png"
"Gizeh Slim Filter 20x120 Stück","Gizeh","4002604209250","26.0","20x120 Stück","Getränke & Genussmittel","False","https://img.rewe-static.de/0102751/23888539_digital-image.png"
"Heets Yellow Green Selection 20 Stück","Heets","4023500015134","6.8","20 Stück","Getränke & Genussmittel","False","https://img.rewe-static.de/8900394/38732230_digital-image.png"
"JPS Just Red 20 Stück","JPS","4030500016108","8.3","20 Stück","Getränke & Genussmittel","False","https://img.rewe-static.de/9974224/44441201_digital-image.png"
"L&M Rot 20 Stück","L&M","42451693","8.3","20 Stück","Getränke & Genussmittel","False","https://img.rewe-static.de/9983618/44241559_digital-image.png"
"Lucky Strike Authentic Red Super 8x30 Stück","Lucky Strike","4031300320167","96.0","8x30 Stück","Getränke & Genussmittel","False","https://img.rewe-static.de/9970024/47277604_digital-image.png"
"Lucky Strike Authentic Red XXL 10x21 Stück","Lucky Strike","4031300322673","90.0","10x21 Stück","Getränke & Genussmittel","False","https://img.rewe-static.de/9966220/48225647_digital-image.png"
"Lucky Strike Red King 38 Stück","Lucky Strike","42461166","15.0","38 Stück","Getränke & Genussmittel","False","https://img.rewe-static.de/9970204/44488062_digital-image.png"
"Lucky Strike Red Super 8x30 Stück","Lucky Strike","4031300319987","96.0","8x30 Stück","Getränke & Genussmittel","False","https://img.rewe-static.de/9970701/46743225_digital-image.png"
"OCB Blättchen Blau mit Gummizug 25x100 Stück","OCB","4025984000040","30.0","25x100 Stück","Getränke & Genussmittel","False","https://img.rewe-static.de/0107250/24176966_digital-image.png"
"OCB Schwarz Premium long slim 50x32 Blatt","OCB","3057067080503","67.5","50x32 Stück","Getränke & Genussmittel","False","https://img.rewe-static.de/0079254/30384772_digital-image.png"
"Pall Mall Authentic Blue Tabak 55g","Pall Mall","4031300291535","16.95","55g (1 kg = 308,18 €)","Getränke & Genussmittel","False","https://img.rewe-static.de/7699779/38809296_digital-image.png"
"Inkee Unicorn Badekugel + Überraschung 1 Stück","NA","4059779018378","3.99","1 Stück","Haus & Freizeit","False","https://img.rewe-static.de/8546634/40116482_digital-image.png"
"Febreze Lufterfrischer Lenor Aprilfrisch 185ml","Febreze","8700216238977","3.49","185ml (1 l = 18,86 €)","Haus & Freizeit","False","https://img.rewe-static.de/7600309/43044548_digital-image.png"
"Vivess Kopierpapier 80g A4 500 Blatt","Vivess","4260496480229","5.99","500 Stück","Haus & Freizeit","False","https://img.rewe-static.de/9009917/42380656_digital-image.png"
"REWE Beste Wahl Blumenerde 10l","REWE Beste Wahl","4337256544771","2.49","10l (1 l = 0,25 €)","Haus & Freizeit","False","https://img.rewe-static.de/8861795/37721000_digital-image.png"
"Varta Batterien Longlife AA 4 Stück","Varta","4008496525157","3.99","4 Stück","Haus & Freizeit","False","https://img.rewe-static.de/0036225/42148763_digital-image.png"
"Pustefix Seifenblasen Klein 42ml","NA","4001648692103","0.99","42ml","Haus & Freizeit","False","https://img.rewe-static.de/0446379/27790920_digital-image.png"
"Inkee Badebombe Dinorex 1 Stück","NA","4059779035597","3.99","1 Stück","Haus & Freizeit","False","https://img.rewe-static.de/8787217/40116391_digital-image.png"
"Luftballons mit Punkten 6 Stück","NA","9557869017836","1.79","6 Stück","Haus & Freizeit","False","https://img.rewe-static.de/8315560/30539349_digital-image.png"
"Uno Kartenspiel","NA","746775036744","9.99","1 Stück","Haus & Freizeit","False","https://img.rewe-static.de/2088628/23146920_digital-image.png"
"Vivess Malblock A4","Vivess","4015291008143","2.79","1 Stück","Haus & Freizeit","False","https://img.rewe-static.de/2868125/35965957_digital-image.png"
"REWE Beste Wahl Öko Grill + Kamin Anzünder 32 Stück","REWE Beste Wahl","4337256269407","2.99","32 Stück","Haus & Freizeit","False","https://img.rewe-static.de/8598425/34487870_digital-image.png"
"UHU Sekundenkleber Minis 3x1g","Uhu","4026700508208","3.29","3x1g","Haus & Freizeit","False","https://img.rewe-static.de/1439720/23984640_digital-image.png"
"REWE Beste Wahl Düngestäbchen 30 Stück","REWE Beste Wahl","4337256328333","1.09","30 Stück","Haus & Freizeit","False","https://img.rewe-static.de/8652016/35861510_digital-image.png"
"Varta E-Block Batterie High-Energy 9V","Varta","4008496559862","6.49","1 Stück","Haus & Freizeit","False","https://img.rewe-static.de/3561682/12157090_digital-image.png"
"Vivess Grillzange aus Holz","Vivess","4000270925344","1.49","1 Stück","Haus & Freizeit","False","https://img.rewe-static.de/8333677/30096948_digital-image.png"
"Pritt Klebestift 2 Stück","Pritt","4015000419086","2.59","2x11g (1 kg = 117,73 €)","Haus & Freizeit","False","https://img.rewe-static.de/1283096/24011955_digital-image.png"
"REWE Beste Wahl Blumenerde 20l","REWE Beste Wahl","4337256539289","3.79","20l (1 l = 0,19 €)","Haus & Freizeit","False","https://img.rewe-static.de/8859763/37721004_digital-image.png"
"Glade Touch & Fresh Minispray Nachfüller Fresh Lemon 10ml","Glade","5000204078473","2.29","10ml (1 l = 229 €)","Haus & Freizeit","False","https://img.rewe-static.de/8095021/29117260_digital-image.png"
"REWE Beste Wahl Bio Universalerde 20l","REWE Beste Wahl","4388859045295","3.99","20l (1 l = 0,20 €)","Haus & Freizeit","False","https://img.rewe-static.de/1338125/34863462_digital-image.png"
"Faber-Castell Folienstifte Multimark non-permanent 2 Stück","Faber-Castell","4005401595991","3.29","NA","Haus & Freizeit","False","https://img.rewe-static.de/5855233/24021028_digital-image.png"
"REWE Beste Wahl Bio Anzucht- und Kräutererde 10l","REWE Beste Wahl","4337256534635","2.79","10l (1 l = 0,28 €)","Haus & Freizeit","False","https://img.rewe-static.de/7728994/38110515_digital-image.png"
"Aeroxon Fliegenfänger 4 Stück","Aeroxon","40276908","1.79","4 Stück","Haus & Freizeit","False","https://img.rewe-static.de/3726959/7389130_digital-image.png"
"REWE Beste Wahl Alu Grillschalen 10 Stück","REWE Beste Wahl","4337256235532","3.99","10 Stück","Haus & Freizeit","False","https://img.rewe-static.de/8569776/35114036_digital-image.png"
"REWE Beste Wahl Kokosblumenerde 10l","REWE Beste Wahl","4388844213050","2.49","0,60kg (1 kg = 4,15 €)","Haus & Freizeit","False","https://img.rewe-static.de/3013023/32740168_digital-image.png"
"proFagus Anzünder Sticks 72 Stück","proFagus","4006131000014","2.99","72 Stück","Haus & Freizeit","False","https://img.rewe-static.de/0452614/1234960_digital-image.png"
"tesa Doppelseitiges Klebeband 10m x 50mm","Tesa","4042448388681","4.99","10m (1 m = 0,50 €)","Haus & Freizeit","False","https://img.rewe-static.de/3295436/31505134_digital-image.png"
"Vivess Ballons 20 Stück","Vivess","4250554616998","2.79","20 Stück","Haus & Freizeit","False","https://img.rewe-static.de/7918085/32691354_digital-image.png"
"Vivess USB-Feuerzeug Lichtbogen","Vivess","4337256338844","6.99","1 Stück","Haus & Freizeit","False","https://img.rewe-static.de/8659817/37261555_digital-image.png"
"REWE Karton","REWE","4044616054831","1.29","NA","Haus & Freizeit","False","https://img.rewe-static.de/2188326/24548431_digital-image.png"
"Febreze Lufterfrischer 3Volution Duftstecker Gerät","Febreze","8001090839305","1.99","1 Stück","Haus & Freizeit","False","https://img.rewe-static.de/7267171/27931417_digital-image.png"
"Duracell DL/CR 2032 Lithium 3V, 2er","Duracell","5000394203921","7.99","2 Stück","Haus & Freizeit","False","https://img.rewe-static.de/7140954/29350929_digital-image.png"
"Varta Batterien Longlife AAA 4 Stück","Varta","4008496525072","3.99","4 Stück","Haus & Freizeit","False","https://img.rewe-static.de/0036224/42148779_digital-image.png"
"Glade by Brise Duftspray Relaxing Zen 300ml","Glade","5000204539349","2.29","300ml (1 l = 7,63 €)","Haus & Freizeit","False","https://img.rewe-static.de/2220468/22832387_digital-image.png"
"Air Wick Automatisches Duftspray Freshmatic Max Starter Set Sommervergnügen 250ml","Air Wick","4251758415455","5.99","250ml (1 l = 23,96 €)","Haus & Freizeit","False","https://img.rewe-static.de/8874199/39730637_digital-image.png"
"Glade Touch & Fresh Minispray Nachfüller Relaxing Zen","Glade","5000204078565","2.29","10ml (1 l = 229 €)","Haus & Freizeit","False","https://img.rewe-static.de/8277827/29117549_digital-image.png"
"Febreze 3Volution Lufterfrischer Nachfüllflakon Lenor Aprilfrisch 20ml","Febreze","8700216483162","5.99","20ml (1 l = 299,50 €)","Haus & Freizeit","False","https://img.rewe-static.de/9967573/45231373_digital-image.png"
"Lego City Polizeiauto 60312 ab 5 Jahren","Lego","5702017161884","9.99","1 Stück","Haus & Freizeit","False","https://img.rewe-static.de/8704013/36642919_digital-image.png"
"Luftschlangen 3 Stück","NA","194099013710","1.49","3 Stück","Haus & Freizeit","False","https://img.rewe-static.de/8400803/32008029_digital-image.png"
"Air Wick Automatisches Duftspray Freshmatic Max Nachfüller Sommervergnügen 250ml","Air Wick","4251758415325","4.99","250ml (1 l = 19,96 €)","Haus & Freizeit","False","https://img.rewe-static.de/8992590/39542956_digital-image.png"
"Vivess Sekundenkleber 3g","Vivess","4388844122772","2.39","1 Stück","Haus & Freizeit","False","https://img.rewe-static.de/1937821/24482123_digital-image.png"
"Bic Stabfeuerzeug Megalighter 1 Stück","Bic","3086126788388","2.99","1 Stück","Haus & Freizeit","False","https://img.rewe-static.de/0271517/25861428_digital-image.png"
"Bic Feuerzeug Maxi 2 Stück","Bic","3086126642727","2.29","2 Stück","Haus & Freizeit","False","https://img.rewe-static.de/0185066/5403810_digital-image.png"
"Glade Touch & Fresh Minispray Nachfüller Ocean Adventure","Glade","5000204076844","2.29","10ml (1 l = 229 €)","Haus & Freizeit","False","https://img.rewe-static.de/8277519/29117501_digital-image.png"
"Vivess Filzgleiter 16 Stück","Vivess","4388860587296","1.49","16 Stück","Haus & Freizeit","False","https://img.rewe-static.de/8099803/31064031_digital-image.png"
"UHU Stic Klebestift 8,2g","Uhu","40267609","1.49","8,20g","Haus & Freizeit","False","https://img.rewe-static.de/3971775/23984288_digital-image.png"
"Febreze Bad Lufterfrischer Lenor Aprilfrisch 7,5ml","Febreze","8006540465165","3.49","7,50ml","Haus & Freizeit","False","https://img.rewe-static.de/8705048/36786828_digital-image.png"
"Vivess Klebestift 20g","Vivess","4388844180819","1.99","20g (1 kg = 99,50 €)","Haus & Freizeit","False","https://img.rewe-static.de/2385458/24482120_digital-image.png"
"REWE Eiskauftüte Tiefkühltüte","REWE","4388860219371","0.69","NA","Haus & Freizeit","False","https://img.rewe-static.de/7291882/28596319_digital-image.png"
"REWE Beste Wahl Raumduft Granatapfel & Orange 75ml","REWE Beste Wahl","4388860051704","1.79","75ml (1 l = 23,87 €)","Haus & Freizeit","False","https://img.rewe-static.de/7143216/27666293_digital-image.png"
"Tesa Paketband braun","Tesa","4042448123626","4.99","66m (1 m = 0,08 €)","Haus & Freizeit","False","https://img.rewe-static.de/3769526/23999796_digital-image.png"
"Tesa Powerstrips Large 10 Stück","Tesa","4042448103932","4.49","1 Stück","Haus & Freizeit","False","https://img.rewe-static.de/9151001/23999795_digital-image.png"
"Vivess Klebefilm 2 Rollen","Vivess","4029248007516","2.29","2x10 Stück","Haus & Freizeit","False","https://img.rewe-static.de/2295914/26899001_digital-image.png"
"Vivess Abroller + Klebefilm","Vivess","4029248007578","2.29","1 Stück","Haus & Freizeit","False","https://img.rewe-static.de/2295905/26899004_digital-image.png"
"Tulpenstrauß Lollipop 1 Bund","NA","2179840000001","3.99","1 Stück","Haus & Freizeit","False","https://img.rewe-static.de/7253780/27562266_digital-image.png"
"Vivess Mignon LR6 AA 1,5V Batterien 4 Stück","Vivess","4337256725200","1.79","4 Stück","Haus & Freizeit","False","https://img.rewe-static.de/9003182/43852629_digital-image.png"
"Vivess Micro AAA LR03 1,5V Batterien 4 Stück","Vivess","4337256725415","1.79","4 Stück","Haus & Freizeit","False","https://img.rewe-static.de/7636788/43852650_digital-image.png"
"Vivess Streichhölzer lang 45 Stück","Vivess","4337256577830","0.99","45 Stück","Haus & Freizeit","False","https://img.rewe-static.de/8884653/39252105_digital-image.png"
"Glade Duftkerze Anti-Tabac 112g","Glade","5000204356380","3.99","1 Stück","Haus & Freizeit","False","https://img.rewe-static.de/9103253/45443334_digital-image.png"
"Air Wick Duftgel Himmelsfrische 150g","Air Wick","4002448026167","1.99","150g (1 kg = 13,27 €)","Haus & Freizeit","False","https://img.rewe-static.de/5047340/23322200_digital-image.png"
"Air Wick Duftgel Blütenfrische 150g","Air Wick","4002448027225","1.99","150g (1 kg = 13,27 €)","Haus & Freizeit","False","https://img.rewe-static.de/5047463/5405590_digital-image.png"
"Vivess Collegeblock A4 kariert 80 Blatt","Vivess","4015291008105","2.19","1 Stück","Haus & Freizeit","False","https://img.rewe-static.de/2864485/31072820_digital-image.png"
"Narzisse Têtê-à-Têtê 1 Stück","NA","4011261010871","1.0","1 Stück","Haus & Freizeit","False","https://img.rewe-static.de/0550789/32195462_digital-image.png"
"Aeroxon Lebensmittelmotten-Falle 2 Stück","Aeroxon","4027600444405","3.99","2 Stück","Haus & Freizeit","False","https://img.rewe-static.de/9533281/1160440_digital-image.png"
"Vivess Gummiringe bunt 100stk","Vivess","4388844253490","1.99","100 Stück","Haus & Freizeit","False","https://img.rewe-static.de/2834031/31617664_digital-image.png"
"Air Wick Automatisches Duftspray Freshmatic Max Nachfüller Tag am Meer 250ml","Air Wick","4251758422422","4.99","250ml (1 l = 19,96 €)","Haus & Freizeit","False","https://img.rewe-static.de/8914094/39730568_digital-image.png"
"Vivess Collegeblock A4 liniert 80 Blatt","Vivess","4015291008068","2.19","1 Stück","Haus & Freizeit","False","https://img.rewe-static.de/2864484/31072851_digital-image.png"
"Vivess Grablicht rot mit Deckel","Vivess","4337256759519","0.89","1 Stück","Haus & Freizeit","False","https://img.rewe-static.de/9027936/42302097_digital-image.png"
"Air Wick Duftölflakon Starter Set Sommervergnügen 19ml","Air Wick","4002448146254","5.99","19ml (1 l = 315,26 €)","Haus & Freizeit","False","https://img.rewe-static.de/8034302/30567749_digital-image.png"
"Glade Touch & Fresh Minispray Halter Fresh Lemon","Glade","5000204075892","2.29","10ml (1 l = 229 €)","Haus & Freizeit","False","https://img.rewe-static.de/8277074/29117234_digital-image.png"
"Febreze Lufterfrischer Madagaskar Vanille & Magnolie 185ml","Febreze","8700216287876","3.49","185ml (1 l = 18,86 €)","Haus & Freizeit","False","https://img.rewe-static.de/9060813/43044510_digital-image.png"
"Vivess Kugelschreiber 4 Stück","Vivess","4388858914417","3.99","4 Stück","Haus & Freizeit","False","https://img.rewe-static.de/1042127/20643224_digital-image.png"
"Edding Permanentmarker 3000 Schwarz","Edding","4004764100798","2.99","1 Stück","Haus & Freizeit","False","https://img.rewe-static.de/0159700/27187875_digital-image.png"
"Vivess Collegeblock A5 kariert","Vivess","4015291008020","1.49","1 Stück","Haus & Freizeit","False","https://img.rewe-static.de/2864483/31072627_digital-image.png"
"Vivess Duftkerze Frozen Berries","Vivess","4337256450393","3.49","1 Stück","Haus & Freizeit","False","https://img.rewe-static.de/8763373/37619439_digital-image.png"
"Pattex Kleben Statt Bohren","Pattex","4015000405065","2.99","0,40 Stück","Haus & Freizeit","False","https://img.rewe-static.de/9996729/27342254_digital-image.png"
"Vivess Fineliner schwarz 0,4mm 3 Stück","Vivess","4388858914530","1.99","1 Stück","Haus & Freizeit","False","https://img.rewe-static.de/1042183/24481701_digital-image.png"
"UHU Extra Alleskleber 31g","Uhu","4026700460155","2.99","31g (1 kg = 96,45 €)","Haus & Freizeit","False","https://img.rewe-static.de/5357926/23984071_digital-image.png"
"Faber-Castell Dreikant Buntstifte 12 Stück","Faber-Castell","4005401165125","2.99","12 Stück","Haus & Freizeit","False","https://img.rewe-static.de/2561521/19568710_digital-image.png"
"Air Wick Duftölflakon Nachfüller Tag am Meer 19ml","Air Wick","4002448086147","4.99","19ml (1 l = 262,63 €)","Haus & Freizeit","False","https://img.rewe-static.de/2346431/28598214_digital-image.png"
"Lego Minifiguren Dungeons & Dragons 71047 ab 5 Jahren","Lego","5702017595610","3.99","1 Stück","Haus & Freizeit","False","https://img.rewe-static.de/7579474/47472930_digital-image.png"
"Vivess Girlande Happy Birthday 1,4m","Vivess","4388860626759","2.49","1 Stück","Haus & Freizeit","False","https://img.rewe-static.de/8085334/30333331_digital-image.png"
"Varta Batterien V13GA/LR44 2 Stück","Varta","4008496746347","4.99","2 Stück","Haus & Freizeit","False","https://img.rewe-static.de/1469475/43331207_digital-image.png"
"Vivess Office Register 1-10 DINA4","Vivess","4337256089548","1.99","10 Stück","Haus & Freizeit","False","https://img.rewe-static.de/8456896/31627160_digital-image.png"
"Post-It Super Sticky Notes 76x76mm gelb 90 Blatt","Post-it","51141977928","2.99","90 Stück","Haus & Freizeit","False","https://img.rewe-static.de/2720339/25334226_digital-image.png"
"Vivess E-Block 9V 6LR61 2 Stück","Vivess","4337256719117","2.49","2 Stück","Haus & Freizeit","False","https://img.rewe-static.de/7578340/43852619_digital-image.png"
"Pelikan Radiergummi 2 Stück","Pelikan","4012700619938","1.39","1 Stück","Haus & Freizeit","False","https://img.rewe-static.de/3901980/1227340_digital-image.png"
"Vivess Baby C LR14 1,5V 2 Stück","Vivess","4337256723497","2.29","2 Stück","Haus & Freizeit","False","https://img.rewe-static.de/9007232/43852661_digital-image.png"
"Vivess Fliegenklatsche 1 Stück","Vivess","4388860585636","0.99","1 Stück","Haus & Freizeit","False","https://img.rewe-static.de/8099805/30524562_digital-image.png"
"Vivess Trennstreifen 100 Stück","Vivess","4022755180208","2.99","100 Stück","Haus & Freizeit","False","https://img.rewe-static.de/2932866/26161979_digital-image.png"
"Air Wick Automatisches Duftspray Freshmatic Max Nachfüller Citrus 250ml","Air Wick","4251758415608","4.99","250ml (1 l = 19,96 €)","Haus & Freizeit","False","https://img.rewe-static.de/0386361/9678550_digital-image.png"
"ESN Shaker Transparent 600ml","ESN","4250519611303","5.99","106g","Haus & Freizeit","False","https://img.rewe-static.de/3447904/43674617_digital-image.png"
"Minecraft Nano Metalfigs 1 Stück","NA","4006333064821","2.49","1 Stück","Haus & Freizeit","False","https://img.rewe-static.de/8545292/42971515_digital-image.png"
"Vivess Deko-Set","Vivess","4388860625936","3.79","5 Stück","Haus & Freizeit","False","https://img.rewe-static.de/8295346/36086170_digital-image.png"
"Vivess Doppelanspitzer aus Metall","Vivess","4388844253940","1.49","1 Stück","Haus & Freizeit","False","https://img.rewe-static.de/2834231/29944494_digital-image.png"
"Vivess Heft 25 Liniert mit Rand A4 16 Blatt","Vivess","4015291007221","0.79","1 Stück","Haus & Freizeit","False","https://img.rewe-static.de/2854684/31100062_digital-image.png"
"Aeroxon Kleidermotten-Falle","Aeroxon","4027600234402","4.99","2 Stück","Haus & Freizeit","False","https://img.rewe-static.de/2641461/23393597_digital-image.png"
"Glade Duftkerze Romantic Vanilla Blossom","Glade","5000204357103","3.99","1 Stück","Haus & Freizeit","False","https://img.rewe-static.de/9102351/46043752_digital-image.png"
"Stabilo Point88 3 Stück","STABILO","4006381102131","2.99","NA","Haus & Freizeit","False","https://img.rewe-static.de/7757743/970490_digital-image.png"
"Vivess Duftkerze Glas Lavendel","Vivess","4337256456999","3.49","1 Stück","Haus & Freizeit","False","https://img.rewe-static.de/8825570/37619475_digital-image.png"
"Vivess Duftkerze Glas Orange","Vivess","4337256453844","3.49","1 Stück","Haus & Freizeit","False","https://img.rewe-static.de/8761171/37619595_digital-image.png"
"Vivess Heft 26 Kariert mit Rand A4 16 Blatt","Vivess","4015291007269","0.79","1 Stück","Haus & Freizeit","False","https://img.rewe-static.de/2854680/31100058_digital-image.png"
"Rosen Romantik weiß-rosa 1 Strauß","NA","4035684320485","5.99","1 Stück","Haus & Freizeit","False","https://img.rewe-static.de/1132087/22420982_digital-image.png"
"Stein-Auftau-Salz Streusalz 10kg","NA","4001475752100","5.99","10kg (1 kg = 0,60 €)","Haus & Freizeit","False","https://img.rewe-static.de/8546739/41272579_digital-image.png"
"Vivess Lineal 16cm","Vivess","4388844191099","0.99","1 Stück","Haus & Freizeit","False","https://img.rewe-static.de/2498968/24482241_digital-image.png"
"Aeroxon Lebensmittelmotten-Box 2 Stück","Aeroxon","4027600447512","4.69","2 Stück","Haus & Freizeit","False","https://img.rewe-static.de/9219760/44772624_digital-image.png"
"Falken Ordner 80mm schwarz","Falken","4014481198015","3.29","1 Stück","Haus & Freizeit","False","https://img.rewe-static.de/7793023/42909234_digital-image.png"
"Geschenkpapier Kleeblätter 1,5m","NA","4046369614812","2.99","1 Stück","Haus & Freizeit","False","https://img.rewe-static.de/8851656/43100719_digital-image.png"
"Glade Duftstecker 1 Stück","Glade","5000204332322","1.29","0,10ml","Haus & Freizeit","False","https://img.rewe-static.de/9060916/43760483_digital-image.png"
"Tesa Tesafilm mit Miniabroller","Tesa","4042448855916","3.99","20m (1 m  = 0,20 €)","Haus & Freizeit","False","https://img.rewe-static.de/0179344/21618725_digital-image.png"
"UHU Stic Klebestift 21g","Uhu","40267654","2.39","21g (1 kg = 113,81 €)","Haus & Freizeit","False","https://img.rewe-static.de/0897000/23984577_digital-image.png"
"Vivess Geburtstagskerzen 11 Stück","Vivess","4337256485890","3.99","11 Stück","Haus & Freizeit","False","https://img.rewe-static.de/7774463/37693003_digital-image.png"
"Vivess Heftstreifen 10stk","Vivess","4022755180260","1.49","10 Stück","Haus & Freizeit","False","https://img.rewe-static.de/2932587/29944455_digital-image.png"
"Vivess Pinsel Set 5 teilig","Vivess","4388844253582","1.49","1 Stück","Haus & Freizeit","False","https://img.rewe-static.de/2834133/31505747_digital-image.png"
"Bic Feuerzeug Mini 3 Stück","Bic","3086125002812","2.79","3 Stück","Haus & Freizeit","False","https://img.rewe-static.de/2158938/23322155_digital-image.png"
"Bic Stabfeuerzeug Mini","Bic","3086123655751","1.99","1 Stück","Haus & Freizeit","False","https://img.rewe-static.de/8597045/35315600_digital-image.png"
"Duracell Lithium Knopfzellen DL/CR 2025","Duracell","5000394203907","7.99","1 Stück","Haus & Freizeit","False","https://img.rewe-static.de/7140246/29351358_digital-image.png"
"Faber-Castell Jumbo Dreikant Buntstifte 6 Stück","Faber-Castell","4005401165064","3.99","1 Stück","Haus & Freizeit","False","https://img.rewe-static.de/8386112/42068522_digital-image.png"
"Glade by Brise Automatic Spray Nachfüller Fresh Cotton 269ml","Glade","5000204731682","5.49","269ml (1 l = 20,41 €)","Haus & Freizeit","False","https://img.rewe-static.de/2108390/23405591_digital-image.png"
"Herlitz Universal Tintenpatrone 2x5","Herlitz","4008110194325","2.19","2x1 Stück","Haus & Freizeit","False","https://img.rewe-static.de/0292393/28079470_digital-image.png"
"Pelikan Tintenlöschstift 2er Set","Pelikan","4012700811554","2.99","1 Stück","Haus & Freizeit","False","https://img.rewe-static.de/8071542/42909154_digital-image.png"
"Pelikan Tintenpatronen 4001 Königsblau 2x6 Stück","Pelikan","4012700330796","2.49","1 Stück","Haus & Freizeit","False","https://img.rewe-static.de/0328758/31504943_digital-image.png"
"Sicherheitsnadeln 24 Stück","NA","4008017101013","4.49","24 Stück","Haus & Freizeit","False","https://img.rewe-static.de/7686743/41438228_digital-image.png"
"VARTA Batterien High-Energy AA 4 Stück","Varta","4008496559435","5.99","4 Stück","Haus & Freizeit","False","https://img.rewe-static.de/3561429/12157380_digital-image.png"
"Vivess Büroklammern Metall 175 Stück","Vivess","4388858914974","1.99","NA","Haus & Freizeit","False","https://img.rewe-static.de/1042142/31617539_digital-image.png"
"Vivess Gewebeband silber 50mm","Vivess","4066300445138","3.99","1 Stück","Haus & Freizeit","False","https://img.rewe-static.de/8906006/39852017_digital-image.png"
"Vivess Heftklammern Gr. 24/6 2000 Stück","Vivess","4337256121774","1.99","1 Stück","Haus & Freizeit","False","https://img.rewe-static.de/7966258/32131986_digital-image.png"
"Vivess Notizbox Weiß 700 Blatt","Vivess","4015290800397","2.99","1 Stück","Haus & Freizeit","False","https://img.rewe-static.de/8000415/31627108_digital-image.png"
"Vivess Reißnägel 200 Stück weiß","Vivess","4388858914158","1.99","NA","Haus & Freizeit","False","https://img.rewe-static.de/1042897/20643343_digital-image.png"
"Vivess Rustik Stumpenkerze schiefer","Vivess","4337256424882","2.99","1 Stück","Haus & Freizeit","False","https://img.rewe-static.de/8742513/37486853_digital-image.png"
"Aeroxon Silberfischchen-Köderfalle 3 Stück","Aeroxon","4027600204719","5.89","3 Stück","Haus & Freizeit","False","https://img.rewe-static.de/7565788/45130095_digital-image.png"
"Duracell Batterien Classic AAA 20 Stück","Duracell","5000394156401","7.99","20 Stück","Haus & Freizeit","False","https://img.rewe-static.de/9152960/43242411_digital-image.png"
"Einblatt 1 Stück","NA","8717191047180","3.99","1 Stück","Haus & Freizeit","False","https://img.rewe-static.de/1512618/2360230_digital-image.png"
"Faber-Castell Radierer Dust-Free","Faber-Castell","4005401871958","1.69","NA","Haus & Freizeit","False","https://img.rewe-static.de/5481520/24020862_digital-image.png"
"Geschenktüte mit Blumen","NA","4046369617622","1.49","1 Stück","Haus & Freizeit","False","https://img.rewe-static.de/7632314/43527894_digital-image.png"
"Glade Duftstecker Nachfüller Relaxing Zen 20ml","Glade","5000204332896","4.29","20ml (1 l = 214,50 €)","Haus & Freizeit","False","https://img.rewe-static.de/8315791/39807439_digital-image.png"
"Nexa Lotte Fruchtfliegenfalle 1 Stück","Nexa Lotte","4062700637210","3.99","1 Stück","Haus & Freizeit","False","https://img.rewe-static.de/7688727/41166649_digital-image.png"
"Pattex Sekundenkleber Mini 3 Stück","Pattex","4015000415033","3.49","3x1g","Haus & Freizeit","False","https://img.rewe-static.de/0856670/24011707_digital-image.png"
"Pattex Sekundenkleber Ultra Gel 3g","Pattex","4015000415057","4.49","3g","Haus & Freizeit","False","https://img.rewe-static.de/0499485/43525023_digital-image.png"
"Pilot Frixion Ball Blister blau 0,7mm","Pilot Pen","3131910637677","2.99","1 Stück","Haus & Freizeit","False","https://img.rewe-static.de/0959542/29944451_digital-image.png"
"REWE Beste Wahl Orchideendünger 0,25l","REWE Beste Wahl","4337256326131","2.49","250ml (1 l = 9,96 €)","Haus & Freizeit","False","https://img.rewe-static.de/7861209/36964313_digital-image.png"
"Vivess Babysocken 19-22 ca. 1-2 Jahre","Vivess","4337256616430","3.99","1 Stück","Haus & Freizeit","False","https://img.rewe-static.de/7691832/41549247_digital-image.png"
"Vivess Briefblock A5 kariert 100 Blatt","Vivess","4015291006989","1.99","1 Stück","Haus & Freizeit","False","https://img.rewe-static.de/2854751/31072729_digital-image.png"
"Vivess Duftkerze Glas Vanille","Vivess","4337256456487","3.49","1 Stück","Haus & Freizeit","False","https://img.rewe-static.de/8764172/37619624_digital-image.png"
"Vivess Malblock DIN A3 30 Blatt","Vivess","4015291008181","2.99","1 Stück","Haus & Freizeit","False","https://img.rewe-static.de/2868096/31100383_digital-image.png"
"Aeroxon Fensterfliegenfalle 4 Stück","Aeroxon","4027600753408","2.19","4 Stück","Haus & Freizeit","False","https://img.rewe-static.de/5091519/8128460_digital-image.png"
"Air Wick Active Fresh Automatisches Duftspray Starter-Set Jasminblüte 228ml","Air Wick","4251758422088","7.99","228ml","Haus & Freizeit","False","https://img.rewe-static.de/7696085/43524129_digital-image.png"
"BIC Feuerzeug Maxi Reibrad 2 Stück","Bic","3086123413931","2.49","2 Stück","Haus & Freizeit","False","https://img.rewe-static.de/2445061/27871375_digital-image.png"
"Bic Feuerzeug Electronic 2 Stück","Bic","3086126788524","2.79","2 Stück","Haus & Freizeit","False","https://img.rewe-static.de/0355060/23322157_digital-image.png"
"Craze Magic Slime 75ml","Craze","4059779057599","2.49","1 Stück","Haus & Freizeit","False","https://img.rewe-static.de/9053253/43747744_digital-image.png"
"Faber-Castell Bleistift Grip 2001 2 Stück","Faber-Castell","4005401174974","2.49","2 Stück","Haus & Freizeit","False","https://img.rewe-static.de/2140470/2502420_digital-image.png"
"Faber-Castell Dreifachspitzdose Grip 2001 silber","Faber-Castell","4005401838975","3.79","NA","Haus & Freizeit","False","https://img.rewe-static.de/4628292/24020865_digital-image.png"
"Flammenco Holzbriketts 10kg","NA","4042316205201","5.99","10kg (1 kg = 0,60 €)","Haus & Freizeit","False","https://img.rewe-static.de/8054909/30116955_digital-image.png"
"Fotokarton A4 10 Farben mit 10 Stück","NA","8720195138082","1.79","1 Stück","Haus & Freizeit","False","https://img.rewe-static.de/7961738/43164046_digital-image.png"
"Frixion Mine Blau 3 Stück 0,7mm M","NA","3131910637752","6.99","1 Stück","Haus & Freizeit","False","https://img.rewe-static.de/1003934/26521256_digital-image.png"
"Galupy Klebe Ohrringe Sticker 24 Stück","NA","4059779022559","3.99","1 Stück","Haus & Freizeit","False","https://img.rewe-static.de/7776011/43159993_digital-image.png"
"Geschenktüte mit Blumenmotiv","NA","4046369617370","1.99","1 Stück","Haus & Freizeit","False","https://img.rewe-static.de/9009822/43929859_digital-image.png"
"Grabkerze mit Motiv Engel","NA","4337256534086","3.49","1 Stück","Haus & Freizeit","False","https://img.rewe-static.de/8860596/24310620_digital-image.png"
"Pattex Alleskleber Repair 100% 50g","Pattex","4015000420075","4.99","50g (1 kg = 99,80 €)","Haus & Freizeit","False","https://img.rewe-static.de/1266931/29219440_digital-image.png"
"Pattex Kleben statt Bohren Strong and Easy 50g","Pattex","4015000412070","4.49","50g","Haus & Freizeit","False","https://img.rewe-static.de/0533805/25962051_digital-image.png"
"Ponal Express Holzleim 60g","Ponal","4015000403306","3.99","60g","Haus & Freizeit","False","https://img.rewe-static.de/9996940/44018101_digital-image.png"
"Pritt Klebestifte 2er Set Medium","Pritt","4057278005318","3.79","2x22g","Haus & Freizeit","False","https://img.rewe-static.de/8063189/29571610_digital-image.png"
"REWE Beste Wahl Schnittblumenfrisch 0,25l","REWE Beste Wahl","4337256305723","2.49","250ml (1 l = 9,96 €)","Haus & Freizeit","False","https://img.rewe-static.de/7863094/35735856_digital-image.png"
"Rosen Lady in Pink 1 Bund","NA","4035684321352","5.99","1 Stück","Haus & Freizeit","False","https://img.rewe-static.de/7002015/30567038_digital-image.png"
"Stabilo Fineliner Point 88 10 Stück","STABILO","4006381217842","7.99","1 Stück","Haus & Freizeit","False","https://img.rewe-static.de/8338701/23470459_digital-image.png"
"Staedtler Lumocolor Permanent Marker 2 Stück","Staedtler","4007817082553","2.99","2 Stück","Haus & Freizeit","False","https://img.rewe-static.de/7942399/43100525_digital-image.png"
"Steinauftau- und Streusalz 4kg","NA","4001475752339","2.99","4kg (1 kg = 0,75 €)","Haus & Freizeit","False","https://img.rewe-static.de/8858770/41272580_digital-image.png"
"Tesa Film von Hand einreißbar","Tesa","4042448091826","3.49","25m (1 m  = 0,14 €)","Haus & Freizeit","False","https://img.rewe-static.de/7950390/29071181_digital-image.png"
"Vivess A5 Notizbuch 96 Blatt","Vivess","4025662500015","2.49","1 Stück","Haus & Freizeit","False","https://img.rewe-static.de/7707088/24481903_digital-image.png"
"Vivess Babysocken grün 19-22 ca. 1-2 Jahre","Vivess","4337256610322","3.99","1 Stück","Haus & Freizeit","False","https://img.rewe-static.de/8915134/41549293_digital-image.png"
"Vivess Geburtstagskerze im Glas","Vivess","4337256480987","3.49","1 Stück","Haus & Freizeit","False","https://img.rewe-static.de/8858320/37486843_digital-image.png"
"Vivess Geburtstagslichter Kerzen 13 Stück","Vivess","4337256484480","3.99","13 Stück","Haus & Freizeit","False","https://img.rewe-static.de/7776052/37619653_digital-image.png"
"Vivess Glückwunschkarte Geburtstag 1 Stück","Vivess","4046369612498","3.49","1 Stück","Haus & Freizeit","False","https://img.rewe-static.de/7735026/41523311_digital-image.png"
"Vivess Heft A4 Lin 27 16 Blatt","Vivess","4015291007306","0.79","1 Stück","Haus & Freizeit","False","https://img.rewe-static.de/2854663/31100219_digital-image.png"
"Vivess Heft A4 Lin 28 16 Blatt","Vivess","4015291007344","0.79","1 Stück","Haus & Freizeit","False","https://img.rewe-static.de/2854652/31100214_digital-image.png"
"Vivess Kartonhefter A4 5 Stück","Vivess","4022755180284","2.29","5 Stück","Haus & Freizeit","False","https://img.rewe-static.de/2932592/31505821_digital-image.png"
"Vivess Klebehaken ohne Bohren 3er Set","Vivess","4388860588415","1.49","3 Stück","Haus & Freizeit","False","https://img.rewe-static.de/8269899/32148602_digital-image.png"
"Vivess Malerkrepp 30mm","Vivess","4066300445329","2.99","50m","Haus & Freizeit","False","https://img.rewe-static.de/8908203/39907867_digital-image.png"
"Vivess Rustik Stumpen Kerze mauve","Vivess","4337256431859","2.99","1 Stück","Haus & Freizeit","False","https://img.rewe-static.de/8743914/37261535_digital-image.png"
"Vivess Rustik Stumpenkerze schiefer","Vivess","4337256431675","1.99","1 Stück","Haus & Freizeit","False","https://img.rewe-static.de/7770410/37261515_digital-image.png"
"Vivess Teelichter 24 Stück","Vivess","4337256569224","4.99","24 Stück","Haus & Freizeit","False","https://img.rewe-static.de/8879878/41745551_digital-image.png"
"Vivess Öllicht Nr. 6 weiß","Vivess","4337256757010","1.19","1 Stück","Haus & Freizeit","False","https://img.rewe-static.de/9031939/42302203_digital-image.png"
"b1 Erde 30l","b1","4388860265972","3.33","30l (1 l = 0,11 €)","Haus & Freizeit","False","https://img.rewe-static.de/8246404/30918302_digital-image.png"
"Übergangsstecker 1- und 2-fach weiß","NA","4008297127352","2.99","1 Stück","Haus & Freizeit","False","https://img.rewe-static.de/9123539/29751981_digital-image.png"
"Aufbewahrungs-Korb A5 Meadow rose 6l","NA","7610859262462","3.99","1 Stück","Haus & Freizeit","False","https://img.rewe-static.de/7594384/46786710_digital-image.png"
"Braunes Packpapier 70x100cm 4 Stück","Herlitz","4005264064016","1.99","4 Stück","Haus & Freizeit","False","https://img.rewe-static.de/0659746/24481736_digital-image.png"
"Craftlab Tonpapier A4 mit 10 Farben 20 Stück","NA","8720195138044","1.79","1 Stück","Haus & Freizeit","False","https://img.rewe-static.de/7964071/43160644_digital-image.png"
"Duracell Knopfzellen LR 44 2er Pack","Duracell","5000394504424","6.99","2 Stück","Haus & Freizeit","False","https://img.rewe-static.de/2025619/29751972_digital-image.png"
"Duracell Knopfzellen Lithium CR 2016 2 Stück","Duracell","5000394203884","7.99","2 Stück","Haus & Freizeit","False","https://img.rewe-static.de/7141728/29751961_digital-image.png"
"Faber-Castell Coulour Grip Farbstifte 12 Stück","Faber-Castell","4005401124122","9.99","12 Stück","Haus & Freizeit","False","https://img.rewe-static.de/4617223/33113582_digital-image.png"
"Glückwunschkarte mit Motiv","NA","4016723510609","3.0","1 Stück","Haus & Freizeit","False","https://img.rewe-static.de/2545252/43928708_digital-image.png"
"Jacquard Sockenwolle blau","NA","4008017305015","5.99","1 Stück","Haus & Freizeit","False","https://img.rewe-static.de/8924863/42157787_digital-image.png"
"Pelikan Deckfarbkasten K12 mit 12 Farben und 1 Tube Deckweiß","Pelikan","4012700720252","10.99","1 Stück","Haus & Freizeit","False","https://img.rewe-static.de/4935187/2982640_digital-image.png"
"Schlauch Gummilitze hochelastisch 3m x 8mm","NA","4008017203014","3.99","1 Stück","Haus & Freizeit","False","https://img.rewe-static.de/7686848/41440538_digital-image.png"
"Tipp-Ex Rapid Fluid 25ml","Tipp-Ex","3086126100272","3.19","25ml (1 l = 127,60 €)","Haus & Freizeit","False","https://img.rewe-static.de/4756231/22478149_digital-image.png"
"UHU Sekundenkleber blitzschnell Pipette 3g","Uhu","4026700455700","3.99","1 Stück","Haus & Freizeit","False","https://img.rewe-static.de/3009440/23984074_digital-image.png"
"Uhu Glitzer Kleber 6x10ml","Uhu","4026700390407","3.49","6x10ml (1 l = 58,17 €)","Haus & Freizeit","False","https://img.rewe-static.de/3056155/29414052_digital-image.png"
"Vivess Bankordner sortiert 1 Stück","Vivess","4015291008457","4.99","1 Stück","Haus & Freizeit","False","https://img.rewe-static.de/2861983/26208071_digital-image.png"
"Vivess Bürolocher mit Metallgehäuse","Vivess","4337256429917","5.99","1 Stück","Haus & Freizeit","False","https://img.rewe-static.de/7803641/36526554_digital-image.png"
"Vivess Din A5 Heft kariert 16 Blatt","Vivess","4015291007740","0.55","1 Stück","Haus & Freizeit","False","https://img.rewe-static.de/2854865/31072711_digital-image.png"
"Vivess Duftkerze Creamy Vanilla","Vivess","4337256449410","12.99","1 Stück","Haus & Freizeit","False","https://img.rewe-static.de/8757289/37989629_digital-image.png"
"Vivess Duftkerze Glas Sweet Berries","Vivess","4337256449298","12.99","1 Stück","Haus & Freizeit","False","https://img.rewe-static.de/8759667/37989644_digital-image.png"
"Vivess Haftnotiz Würfel 400 Blatt","Vivess","4044355792766","1.99","1 Stück","Haus & Freizeit","False","https://img.rewe-static.de/9998849/46463700_digital-image.png"
"Vivess Heft A4 kariert 38 16 Blatt","Vivess","4015291007429","0.79","1 Stück","Haus & Freizeit","False","https://img.rewe-static.de/2854634/31100039_digital-image.png"
"Vivess Heft A5 kariert 06 16 Blatt","Vivess","4015291007627","0.55","1 Stück","Haus & Freizeit","False","https://img.rewe-static.de/2854840/31072715_digital-image.png"
"Vivess Heft A5 liniert 03 16 Blatt","Vivess","4015291007542","0.55","1 Stück","Haus & Freizeit","False","https://img.rewe-static.de/2854851/31072966_digital-image.png"
"Vivess Heftapparat Nr. 24/6","Vivess","4337256420921","6.99","1 Stück","Haus & Freizeit","False","https://img.rewe-static.de/7803009/36526563_digital-image.png"
"Vivess Heftapparat schwarz","Vivess","4337256415651","3.99","1 Stück","Haus & Freizeit","False","https://img.rewe-static.de/7804735/36547324_digital-image.png"
"Vivess Office A4 Register A-Z","Vivess","4337256086769","3.49","1 Stück","Haus & Freizeit","False","https://img.rewe-static.de/8484800/31627171_digital-image.png"
"Vivess Partyrüssel 4 Stück","Vivess","4388860626469","1.99","4 Stück","Haus & Freizeit","False","https://img.rewe-static.de/8084388/37480052_digital-image.png"
"Vivess Pinnwandnadeln bunt 60 Stück","Vivess","4388858914882","1.99","NA","Haus & Freizeit","False","https://img.rewe-static.de/1042148/24482217_digital-image.png"
"Vivess Rustik Stumpenkerze mauve","Vivess","4337256426367","1.99","1 Stück","Haus & Freizeit","False","https://img.rewe-static.de/8740911/37261505_digital-image.png"
"Vivess Saughaken 3 Stück","Vivess","4388860449563","1.29","3 Stück","Haus & Freizeit","False","https://img.rewe-static.de/8381467/31887643_digital-image.png"
"Vivess Spiralblock A7 karriert 4 Stück","Vivess","4015291007108","3.29","4 Stück","Haus & Freizeit","False","https://img.rewe-static.de/2854702/29386500_digital-image.png"
"Vivess Trennblätter A4 10 Stück","Vivess","4022755180291","2.99","10 Stück","Haus & Freizeit","False","https://img.rewe-static.de/2932858/32015077_digital-image.png"
"Wunderbaum Lufterfrischer New Car","NA","7612720201860","1.99","1 Stück","Haus & Freizeit","False","https://img.rewe-static.de/4673689/26114338_digital-image.png"
"Wunderbaum Lufterfrischer Vanille","NA","7612720201112","1.99","1 Stück","Haus & Freizeit","False","https://img.rewe-static.de/4662342/42363694_digital-image.png"
"Aeroxon Fliegenköder Insekten-Falter 4 Stück","Aeroxon","4027600274408","2.99","4 Stück","Haus & Freizeit","False","https://img.rewe-static.de/3132986/23393594_digital-image.png"
"Anagram Folienballon Affe","NA","26635345736","9.99","1 Stück","Haus & Freizeit","False","https://img.rewe-static.de/8464176/43929871_digital-image.png"
"Craftlab Fotokarton Schwarz A4 10 Stück","NA","8720812309895","1.99","1 Stück","Haus & Freizeit","False","https://img.rewe-static.de/7631689/44578243_digital-image.png"
"Die Biene Maja Die Uhr - Abwischbarer Lernspaß ab 4 Jahre","NA","4255582737370","3.99","1 Stück","Haus & Freizeit","False","https://img.rewe-static.de/9982999/48119357_digital-image.png"
"Edelstahl Grillzange","NA","4049118596407","14.99","1 Stück","Haus & Freizeit","False","https://img.rewe-static.de/8663301/34030047_digital-image.png"
"Flammenco Kaminholz Hartholz 13l-Netz","NA","4042316200152","7.99","0,01m3 (1 m3 = 799 €)","Haus & Freizeit","False","https://img.rewe-static.de/8344068/44319461_digital-image.png"
"Folienballon Zahl 0 Silber","NA","192937142172","9.99","1 Stück","Haus & Freizeit","False","https://img.rewe-static.de/7981695/43597727_digital-image.png"
"Folienballon Zahl 1 rosé","NA","192937142066","9.99","1 Stück","Haus & Freizeit","False","https://img.rewe-static.de/3690742/43597498_digital-image.png"
"Folienballon Zahl 0 Rosé Gold","NA","192937142059","9.99","1 Stück","Haus & Freizeit","False","https://img.rewe-static.de/3690739/43697598_digital-image.png"
"Folienballon Zahl 5 silber","NA","192937142226","9.99","1 Stück","Haus & Freizeit","False","https://img.rewe-static.de/8496600/43891417_digital-image.png"
"Geschenktüte für Flasche 36cmx10,5cmx10cm","NA","4046369617455","1.99","1 Stück","Haus & Freizeit","False","https://img.rewe-static.de/7632201/44018832_digital-image.png"
"Goldmann Roman Die Haushälterin von Joy Fielding","NA","9783442494767","13.0","1 Stück","Haus & Freizeit","False","https://img.rewe-static.de/9007646/42157026_digital-image.png"
"Herlitz Postkartenheft A6 20 Stück","Herlitz","4008110247601","1.39","1 Stück","Haus & Freizeit","False","https://img.rewe-static.de/0073743/31500147_digital-image.png"
"Heyne Roman Holly von Stephen King","NA","9783453429680","14.0","1 Stück","Haus & Freizeit","False","https://img.rewe-static.de/9988768/47472823_digital-image.png"
"Knaur Psychothriller Die Einladung von Sebastian Fitzek","NA","9783426519493","12.99","1 Stück","Haus & Freizeit","False","https://img.rewe-static.de/9989874/48117679_digital-image.png"
"Mattel Kartenspiel Skip-Bo","NA","5011363523704","18.99","1 Stück","Haus & Freizeit","False","https://img.rewe-static.de/1966103/25608122_digital-image.png"
"Mini-Kräuterdosen 3 Stück","NA","4009017506105","1.0","3 Stück","Haus & Freizeit","False","https://img.rewe-static.de/2903702/43100581_digital-image.png"
"Nexa Lotte Motten-Papier mit Geraniol 1 Streifen à 12 Blatt","Nexa Lotte","4062700636190","3.99","12 Stück","Haus & Freizeit","False","https://img.rewe-static.de/9069024/43891407_digital-image.png"
"Paper Design Geschenkband 3m","NA","4046369613990","1.99","1 Stück","Haus & Freizeit","False","https://img.rewe-static.de/8851074/43469597_digital-image.png"
"Paper design Geschenkband 3m 1 Stück","NA","4046369614058","1.99","1 Stück","Haus & Freizeit","False","https://img.rewe-static.de/7737081/43544459_digital-image.png"
"Simba Glibbi Badepinsel Magischer Farbmix für 3x Badespaß ab 3 Jahren","Simba","4006592073978","8.99","1 Stück","Haus & Freizeit","False","https://img.rewe-static.de/8786241/36850238_digital-image.png"
"Syngarn-Allesnäher 200m","NA","4008017301017","3.99","1 Stück","Haus & Freizeit","False","https://img.rewe-static.de/7688352/41368554_digital-image.png"
"UHU Alleskleber Super 7g","Uhu","4026700469608","4.49","7 Stück","Haus & Freizeit","False","https://img.rewe-static.de/0040613/23984077_digital-image.png"
"Vent Wrap Wunderbaum New Car","NA","7612720811861","4.99","1 Stück","Haus & Freizeit","False","https://img.rewe-static.de/9010080/42369998_digital-image.png"
"Vivess Abdeckplane 4x5m","Vivess","4049404121610","1.49","1 Stück","Haus & Freizeit","False","https://img.rewe-static.de/7721795/39472151_digital-image.png"
"Vivess Abflussstöpsel","Vivess","4388860448788","2.99","1 Stück","Haus & Freizeit","False","https://img.rewe-static.de/8380569/33026150_digital-image.png"
"Vivess Aufgabenheft A5 44 Blatt","Vivess","4015291007986","2.99","1 Stück","Haus & Freizeit","False","https://img.rewe-static.de/2970561/31100413_digital-image.png"
"Vivess Gardinenhaken 6 Stück","Vivess","4388860623413","1.99","6 Stück","Haus & Freizeit","False","https://img.rewe-static.de/8084899/32014230_digital-image.png"
"Vivess Gliedermaßstab 2m","Vivess","4337256545778","2.99","1 Stück","Haus & Freizeit","False","https://img.rewe-static.de/8866852/39852022_digital-image.png"
"Vivess Grillbürste","Vivess","4388860692501","5.99","1 Stück","Haus & Freizeit","False","https://img.rewe-static.de/8067227/30094533_digital-image.png"
"Vivess Grillpinsel","Vivess","4388860450415","5.99","1 Stück","Haus & Freizeit","False","https://img.rewe-static.de/8396910/31740806_digital-image.png"
"Vivess Grillspieße ca.33cm","Vivess","4388860622980","3.99","4 Stück","Haus & Freizeit","False","https://img.rewe-static.de/8085585/30094534_digital-image.png"
"Vivess Heft A4 liniert 37 16 Blatt","Vivess","4015291007382","0.79","1 Stück","Haus & Freizeit","False","https://img.rewe-static.de/2854641/31100208_digital-image.png"
"Vivess Heft A5 kariert 07 16 Blatt","Vivess","4015291007665","0.55","1 Stück","Haus & Freizeit","False","https://img.rewe-static.de/2854814/31073003_digital-image.png"
"Vivess Heft A5 liniert 02 16 Blatt","Vivess","4015291007504","0.55","1 Stück","Haus & Freizeit","False","https://img.rewe-static.de/2854853/31072704_digital-image.png"
"Vivess Heft A5 liniert 09 16 Blatt","Vivess","4015291007702","0.55","1 Stück","Haus & Freizeit","False","https://img.rewe-static.de/2854810/31073021_digital-image.png"
"Vivess Häkelnadeln 6 Stück","Vivess","4008017339010","9.99","6 Stück","Haus & Freizeit","False","https://img.rewe-static.de/8929304/41797505_digital-image.png"
"Vivess Klemmhefter schwarz","Vivess","4022755919600","1.69","1 Stück","Haus & Freizeit","False","https://img.rewe-static.de/7978239/31797800_digital-image.png"
"Vivess Marinadenspritze","Vivess","4388860445695","4.99","1 Stück","Haus & Freizeit","False","https://img.rewe-static.de/8033871/31740801_digital-image.png"
"Vivess Phasenprüfer 65mm","Vivess","4337256527903","2.49","1 Stück","Haus & Freizeit","False","https://img.rewe-static.de/7724745/39907892_digital-image.png"
"Vivess Ringmaulschlüssel 7-teilig","Vivess","4337256556477","9.99","1 Stück","Haus & Freizeit","False","https://img.rewe-static.de/7672930/39907924_digital-image.png"
"Vivess Spachtelset 3-teilig","Vivess","4337256554855","2.99","1 Stück","Haus & Freizeit","False","https://img.rewe-static.de/7721701/39907968_digital-image.png"
"Vivess Vokabelheft DIN A5 liniert 53 72 Blatt","Vivess","4015291006903","2.99","1 Stück","Haus & Freizeit","False","https://img.rewe-static.de/2854477/31072813_digital-image.png"
"Vivess Vorhängeschloss","Vivess","4337256556767","4.99","1 Stück","Haus & Freizeit","False","https://img.rewe-static.de/7723878/39908000_digital-image.png"
"Wunderbaum Kirsche","NA","7612720201433","1.99","1 Stück","Haus & Freizeit","False","https://img.rewe-static.de/4663560/43760568_digital-image.png"
"Wunderbaum Leder","NA","7612720208067","1.99","1 Stück","Haus & Freizeit","False","https://img.rewe-static.de/8466429/43845885_digital-image.png"
"Wunderbaum Lufterfrischer Pina Colada","NA","7612720108718","1.99","1 Stück","Haus & Freizeit","False","https://img.rewe-static.de/4663080/42368243_digital-image.png"
"Wunderbaum Lufterfrischer Sportfrische","NA","7612720201846","1.99","1 Stück","Haus & Freizeit","False","https://img.rewe-static.de/4662288/20337487_digital-image.png"
"Wunderbaum Lufterfrischer Supernova","NA","7612720200030","1.99","1 Stück","Haus & Freizeit","False","https://img.rewe-static.de/9043949/44019235_digital-image.png"
"craftlab Wackelaugen 108 Stück","Craftlab","8720289480868","1.89","1 Stück","Haus & Freizeit","False","https://img.rewe-static.de/7962986/43164404_digital-image.png"
"rororo Thriller Hast du Zeit? von Andreas Winkelmann","NA","9783499013300","13.0","1 Stück","Haus & Freizeit","False","https://img.rewe-static.de/7573329/44491075_digital-image.png"
"ullstein Du kannst alles lassen, du musst es nur wollen von Torsten Sträter","NA","9783548068466","13.99","1 Stück","Haus & Freizeit","False","https://img.rewe-static.de/7608521/44157611_digital-image.png"
"ja! Stabfeuerzeug nachfüllbar 1 Stück","ja!","4337256344241","1.55","1 Stück","Haus & Freizeit","False","https://img.rewe-static.de/8659316/36221177_digital-image.png"
"ja! Haushaltskerzen weiß 10 Stück","ja!","4337256447218","2.49","10 Stück","Haus & Freizeit","False","https://img.rewe-static.de/8754081/37479770_digital-image.png"
"ja! Maxi Teelichter 12 Stück","ja!","4337256333801","3.49","12 Stück","Haus & Freizeit","False","https://img.rewe-static.de/7835907/35801869_digital-image.png"
"ja! Stumpenkerze 110mm elfenbein Ø6cm","ja!","4337256440813","1.79","1 Stück","Haus & Freizeit","False","https://img.rewe-static.de/7794486/37319936_digital-image.png"
"ja! Anzündwürfel 64 Stück","ja!","4337256269223","1.95","64 Stück","Haus & Freizeit","False","https://img.rewe-static.de/8600224/39123539_digital-image.png"
"ja! Batterien AAA 8 Stück","ja!","4337256490719","1.35","8 Stück","Haus & Freizeit","False","https://img.rewe-static.de/7771152/39510227_digital-image.png"
"ja! Duftlichte Rote Früchte 18 Stück","ja!","4337256384735","1.79","18 Stück","Haus & Freizeit","False","https://img.rewe-static.de/8686936/35485924_digital-image.png"
"ja! Duft Stumpenkerze Vanille","ja!","4337256384353","1.79","1 Stück","Haus & Freizeit","False","https://img.rewe-static.de/8743740/35481987_digital-image.png"
"ja! Haushaltskerzen rot 10 Stück","ja!","4337256448857","2.49","10 Stück","Haus & Freizeit","False","https://img.rewe-static.de/7795284/37479752_digital-image.png"
"ja! Stumpenkerze 110mm rot Ø6cm","ja!","4337256435765","1.79","1 Stück","Haus & Freizeit","False","https://img.rewe-static.de/8819490/42713291_digital-image.png"
"ja! Stumpenkerze 110mm weiß Ø6cm","ja!","4337256442893","1.79","1 Stück","Haus & Freizeit","False","https://img.rewe-static.de/7794987/42703700_digital-image.png"
"ja! Batterien AA 8 Stück","ja!","4337256486453","1.35","8 Stück","Haus & Freizeit","False","https://img.rewe-static.de/7770353/39510249_digital-image.png"
"ja! Feinstrumpfhose 20 DEN Gr. 52-54 Make Up matt 1 Stück","ja!","4388860343311","2.49","1 Stück","Haus & Freizeit","False","https://img.rewe-static.de/1125059/30115214_digital-image.png"
"ja! Batterien Akku AAA 4 Stück","ja!","4337256475464","4.99","4 Stück","Haus & Freizeit","False","https://img.rewe-static.de/8783945/39694563_digital-image.png"
"ja! Feinstrumpfhosen 20 DEN Gr. 38-40 Make Up matt 2 Stück","ja!","4388860343229","2.49","2 Stück","Haus & Freizeit","False","https://img.rewe-static.de/1125029/31354459_digital-image.png"
"ja! Elektronische Feuerzeuge 3 Stück","ja!","4388860473025","0.75","3 Stück","Haus & Freizeit","False","https://img.rewe-static.de/8403948/34156556_digital-image.png"
"ja! Baby C Alkaline Batterien 2 Stück","ja!","4337256499262","1.29","2 Stück","Haus & Freizeit","False","https://img.rewe-static.de/8864750/39611707_digital-image.png"
"ja! Teelichter 50 Stück","ja!","4337256390729","2.65","50 Stück","Haus & Freizeit","False","https://img.rewe-static.de/7834305/35485914_digital-image.png"
"ja! Duft Stumpenkerze Anti-Tabak","ja!","4337256381086","1.79","1 Stück","Haus & Freizeit","False","https://img.rewe-static.de/8689044/36754702_digital-image.png"
"ja! Duft Teelichter 18 Stück Anti-Tabak Duft","ja!","4337256329668","1.79","18 Stück","Haus & Freizeit","False","https://img.rewe-static.de/8687239/36754729_digital-image.png"
"ja! Duftglas Anti-Tabak 1 Stück","ja!","4337256330695","1.99","1 Stück","Haus & Freizeit","False","https://img.rewe-static.de/8689329/36754657_digital-image.png"
"ja! Brenn-Spiritus 1l","ja!","4337256270199","2.99","1l","Haus & Freizeit","False","https://img.rewe-static.de/8601123/34151777_digital-image.png"
"ja! Duft Teelichter Vanille 18 Stück","ja!","4337256329392","1.79","18 Stück","Haus & Freizeit","False","https://img.rewe-static.de/8687235/35481996_digital-image.png"
"ja! Streichhölzer 3er Pack 100 Stück","ja!","4388860478273","0.69","3x100 Stück","Haus & Freizeit","False","https://img.rewe-static.de/8431040/32535846_digital-image.png"
"ja! Duft Stumpenkerze Rote Früchte","ja!","4337256332330","1.79","1 Stück","Haus & Freizeit","False","https://img.rewe-static.de/7838341/35481979_digital-image.png"
"ja! Anzündwürfel aus Naturholz und Wachs 32 Stück","ja!","4337256374132","0.95","32 Stück","Haus & Freizeit","False","https://img.rewe-static.de/8676608/34912036_digital-image.png"
"ja! Bleistifte mit Radierer 4 Stück","ja!","4337256117326","0.69","4 Stück","Haus & Freizeit","False","https://img.rewe-static.de/7970387/32690959_digital-image.png"
"ja! Kugelschreiber blau 4 Stück","ja!","4337256108348","1.99","4 Stück","Haus & Freizeit","False","https://img.rewe-static.de/8484216/32205826_digital-image.png"
"ja! LED Kerze E14 470 Lumen 40 Watt 2 Stück","ja!","4337256315838","4.99","2 Stück","Haus & Freizeit","False","https://img.rewe-static.de/8639885/41823365_digital-image.png"
"ja! LED Leuchtmittel E27 1055 Lumen 75 Watt 2 Stück","ja!","4337256317856","5.99","2 Stück","Haus & Freizeit","False","https://img.rewe-static.de/8643461/41823342_digital-image.png"
"ja! Packband Braun 60 x 50 mm","ja!","4063565168390","2.99","66m (1 m  = 0,05 €)","Haus & Freizeit","False","https://img.rewe-static.de/8778064/36470575_digital-image.png"
"ja! Packband Transparent 60 x 50 mm","ja!","4063565168383","2.99","66m (1 m  = 0,05 €)","Haus & Freizeit","False","https://img.rewe-static.de/8779998/37443256_digital-image.png"
"ja! Prospekthüllen DINA4 matt 30 Stück","ja!","4337256089326","1.19","30 Stück","Haus & Freizeit","False","https://img.rewe-static.de/8457317/31742200_digital-image.png"
"ja! Versandtaschen DIN C4 ohne Fenster 10 Stück","ja!","4388860605624","2.19","10 Stück","Haus & Freizeit","False","https://img.rewe-static.de/8090834/29734709_digital-image.png"
"ja! Winter Scheibenfrostschutz 5l","ja!","4337256714075","7.99","5l (1 l = 1,60 €)","Haus & Freizeit","False","https://img.rewe-static.de/8998284/41145973_digital-image.png"
"ja! Aktenhüllen für DIN A4 25 Stück","ja!","4337256089593","2.59","25 Stück","Haus & Freizeit","False","https://img.rewe-static.de/8487700/32691151_digital-image.png"
"ja! Becherset 3 Stück","ja!","4337256034203","2.99","3 Stück","Haus & Freizeit","False","https://img.rewe-static.de/8427547/31221982_digital-image.png"
"ja! Besteckset 18-teilig","ja!","4388860718515","2.49","1 Stück","Haus & Freizeit","False","https://img.rewe-static.de/8356552/39525821_digital-image.png"
"ja! Briefumschläge C6 ohne Fenster 100 Stück","ja!","4388860612424","3.99","100 Stück","Haus & Freizeit","False","https://img.rewe-static.de/8288182/29734416_digital-image.png"
"ja! Briefumschläge DIN C6 100 Stück Ohne Fenster","ja!","4388860612301","3.99","100 Stück","Haus & Freizeit","False","https://img.rewe-static.de/8290217/29734436_digital-image.png"
"ja! Briefumschläge DIN lang selbstklebend ohne Fenster 50 Stück","ja!","4388860610963","2.39","50 Stück","Haus & Freizeit","False","https://img.rewe-static.de/8289473/31281992_digital-image.png"
"ja! Briefumschläge mit Fenster DIN lang 50 Stück","ja!","4388860610499","2.39","50 Stück","Haus & Freizeit","False","https://img.rewe-static.de/8088095/29734570_digital-image.png"
"ja! Duft Maxi Teelichter Vanille Duft 12 Stück","ja!","4337256331838","3.99","12 Stück","Haus & Freizeit","False","https://img.rewe-static.de/7802130/35477324_digital-image.png"
"ja! Duft Stumpenkerze Orchidee","ja!","4337256762977","1.79","1 Stück","Haus & Freizeit","False","https://img.rewe-static.de/7617228/43139829_digital-image.png"
"ja! Duftkerze Glas Orchidee","ja!","4337256757225","1.99","1 Stück","Haus & Freizeit","False","https://img.rewe-static.de/7618918/43001465_digital-image.png"
"ja! Duftkerze im Glas Vanille","ja!","4337256331920","1.99","1 Stück","Haus & Freizeit","False","https://img.rewe-static.de/8686525/35481971_digital-image.png"
"ja! Duftlichter Orchidee 18 Stück","ja!","4337256752176","1.79","18 Stück","Haus & Freizeit","False","https://img.rewe-static.de/9026078/43139816_digital-image.png"
"ja! Eiskratzer","ja!","4337256702300","1.99","1 Stück","Haus & Freizeit","False","https://img.rewe-static.de/8988033/42903780_digital-image.png"
"ja! Fasermaler Duo dick & dünn 10 Stück","ja!","4337256129145","1.59","10 Stück","Haus & Freizeit","False","https://img.rewe-static.de/8492365/32330776_digital-image.png"
"ja! Feinstrumpfhose 20 DEN Gr. 48-50 Champagner matt 1 Stück","ja!","4388860343397","2.49","1 Stück","Haus & Freizeit","False","https://img.rewe-static.de/1125050/41274643_digital-image.png"
"ja! Feinstrumpfhose 20 DEN Gr. 48-50 Make Up matt 1 Stück","ja!","4388860343403","2.49","1 Stück","Haus & Freizeit","False","https://img.rewe-static.de/1125054/40307129_digital-image.png"
"ja! Feinstrumpfhosen 20 DEN Gr. 38-40 Champagner matt 2 Stück","ja!","4388860343212","2.49","2 Stück","Haus & Freizeit","False","https://img.rewe-static.de/1125023/31356422_digital-image.png"
"Tchibo Espresso Aromatisch 1kg","Tchibo","4061445241201","16.99","1000g","Kaffee, Tee & Kakao","False","https://img.rewe-static.de/8743824/36436040_digital-image.png"
"Nescafé Dolce Gusto Dallmayr Prodomo 112g, 16 Kapseln","Nescafé","7613033091391","5.49","112g (1 kg = 49,02 €)","Kaffee, Tee & Kakao","False","https://img.rewe-static.de/1136337/11688090_digital-image.png"
"REWE Beste Wahl Brasil ganze Bohne 1kg","REWE Beste Wahl","4337256034876","11.49","1000g","Kaffee, Tee & Kakao","False","https://img.rewe-static.de/2591297/24923817_digital-image.png"
"Tassimo Kaffeekapseln Morning Café mild & smooth 147g, 21 Kapseln","Tassimo","8711000852552","5.79","147g (1 kg = 39,39 €)","Kaffee, Tee & Kakao","False","https://img.rewe-static.de/8026796/31503300_digital-image.png"
"Meßmer Melissen-Mischung 50g, 25 Beutel","Meßmer","4001257158007","2.35","50g (1 kg = 47 €)","Kaffee, Tee & Kakao","False","https://img.rewe-static.de/6818110/7478970_digital-image.png"
"Jacobs Kaffeespezialitäten 3 in 1 Caramel, 10 Sticks","Jacobs","8711000400616","2.69","169g (1 kg = 15,92 €)","Kaffee, Tee & Kakao","False","https://img.rewe-static.de/7193916/28115156_digital-image.png"
"Dallmayr Crema d'Oro intensa ganze Bohnen 1kg","Dallmayr","4008167042709","16.99","1000g","Kaffee, Tee & Kakao","False","https://img.rewe-static.de/0352781/5205770_digital-image.png"
"Teekanne Schwedische Blaubeere 45g, 20 Beutel","Teekanne","4009300016946","2.29","45g (1 kg = 50,89 €)","Kaffee, Tee & Kakao","False","https://img.rewe-static.de/8328643/29951122_digital-image.png"
"Teekanne Türkischer Apfel 55g, 20 Beutel","Teekanne","4009300008033","2.29","55g (1 kg = 41,64 €)","Kaffee, Tee & Kakao","False","https://img.rewe-static.de/0579891/5229570_digital-image.png"
"REWE Beste Wahl Schokodrink weniger Zucker 400g","REWE Beste Wahl","4337256677080","3.29","400g (1 kg = 8,23 €)","Kaffee, Tee & Kakao","False","https://img.rewe-static.de/7658617/41155380_digital-image.png"
"Jacobs Kaffeebohnen Krönung Aroma-Bohnen 500g","Jacobs","4000508059087","7.99","500g (1 kg = 15,98 €)","Kaffee, Tee & Kakao","False","https://img.rewe-static.de/5192021/1653660_digital-image.png"
"Nescafé Frappé Eiskaffee Getränkepulver 275g","Nescafé","4005500274995","3.79","275g (1 kg = 13,78 €)","Kaffee, Tee & Kakao","False","https://img.rewe-static.de/3746925/2126380_digital-image.png"
"Meßmer Earl Grey 88g, 50 Beutel","Meßmer","4001257001983","3.99","87,50g (1 kg = 45,60 €)","Kaffee, Tee & Kakao","False","https://img.rewe-static.de/2509261/6687960_digital-image.png"
"Glücksklee Kondensmilch 340g","Glücksklee","4045317050245","1.39","340g (1 kg = 4,09 €)","Kaffee, Tee & Kakao","False","https://img.rewe-static.de/0139351/9834130_digital-image.png"
"Café Intención Bio Röstkaffee Fuerte kräftig gemahlen 500g","Intención","4006581092607","7.99","500g (1 kg = 15,98 €)","Kaffee, Tee & Kakao","False","https://img.rewe-static.de/7280995/29377365_digital-image.png"
"Grana Typ Feiner Landkaffee 200g","NA","4009041101017","2.49","200g (1 kg = 12,45 €)","Kaffee, Tee & Kakao","False","https://img.rewe-static.de/7777341/43910188_digital-image.png"
"Bärenmarke Die Leichte Kondensmilch 10x7,5g","Bärenmarke","4045317053024","0.99","10x7,50g (1 kg = 13,20 €)","Kaffee, Tee & Kakao","False","https://img.rewe-static.de/5151058/2580070_digital-image.png"
"Yogi Tea Bio Tee Classic 37,4g 17 Beutel","Yogi Tea","4012824400016","2.75","37,40g (1 kg = 73,53 €)","Kaffee, Tee & Kakao","False","https://img.rewe-static.de/1383241/20285065_digital-image.png"
"Dallmayr Capsa Lungo Azzuro 56g, 10 Stück","Dallmayr","4008167010609","3.49","56g (1 kg = 62,32 €)","Kaffee, Tee & Kakao","False","https://img.rewe-static.de/2199134/23749702_digital-image.png"
"Dallmayr Capsa Lungo Belluno 56g, 10 Stück","Dallmayr","4008167010500","3.49","56g (1 kg = 62,32 €)","Kaffee, Tee & Kakao","False","https://img.rewe-static.de/2199129/27922049_digital-image.png"
"Eduscho Kaffee Pads Caffè Crema 208g, 32 Pads","Eduscho","4061445266792","3.49","208g (1 kg = 16,78 €)","Kaffee, Tee & Kakao","True","https://img.rewe-static.de/8857514/37576045_digital-image.png"
"Jacobs Crema Pads 118g, 18 Pads","Jacobs","8711000851906","2.69","118g (1 kg = 22,80 €)","Kaffee, Tee & Kakao","False","https://img.rewe-static.de/8425239/30888243_digital-image.png"
"Tassimo Kaffeekapseln Jacobs Cappuccino classico 260g, 8 Kapseln","Tassimo","8711000500002","5.79","260g (1 kg = 22,27 €)","Kaffee, Tee & Kakao","False","https://img.rewe-static.de/1398796/20366868_digital-image.png"
"Tassimo Kaffeekapseln Jacobs Café au Lait 184g, 16 Kapseln","Tassimo","8711000501153","5.79","184g (1 kg = 31,47 €)","Kaffee, Tee & Kakao","False","https://img.rewe-static.de/2111262/23247081_digital-image.png"
"Jacobs Kaffeespezialitäten 3 in 1 Café Latte, 10 Sticks","Jacobs","8711000513408","2.69","125g (1 kg = 21,52 €)","Kaffee, Tee & Kakao","False","https://img.rewe-static.de/2840916/25357827_digital-image.png"
"Jacobs Kaffeekapseln Lungo 6 Classico, 20 Nespresso kompatible Kapseln","Jacobs","8711000371237","4.99","104g (1 kg = 47,98 €)","Kaffee, Tee & Kakao","False","https://img.rewe-static.de/7046953/26842386_digital-image.png"
"Dallmayr Espresso d'Oro ganze Bohnen 1kg","Dallmayr","4008167154679","16.99","1000g","Kaffee, Tee & Kakao","False","https://img.rewe-static.de/0689939/9355400_digital-image.png"
"Kaba Kakao 400g","Kaba","4052700022932","2.79","400g (1 kg = 6,98 €)","Kaffee, Tee & Kakao","False","https://img.rewe-static.de/7695121/39431307_digital-image.png"
"Lavazza Crema e Gusto 250g","Lavazza","8000070038868","4.49","250g (1 kg = 17,96 €)","Kaffee, Tee & Kakao","False","https://img.rewe-static.de/7713584/44939663_digital-image.png"
"REWE Feine Welt Bio Incahuasi Crema ganze Bohne 1kg","REWE Feine Welt","4388844088061","14.99","1000g","Kaffee, Tee & Kakao","False","https://img.rewe-static.de/1006375/9725660_digital-image.png"
"Meßmer Klassik 88g, 50 Beutel","Meßmer","4001257219005","3.99","87,50g (1 kg = 45,60 €)","Kaffee, Tee & Kakao","False","https://img.rewe-static.de/9530827/22030655_digital-image.png"
"Krüger Family Cappuccino Schoko 500g","Krüger","4052700068398","4.49","500g (1 kg = 8,98 €)","Kaffee, Tee & Kakao","False","https://img.rewe-static.de/8775109/25175438_digital-image.png"
"Jacobs Ice Coffee 3in1 180g, 10 Stück","Jacobs","8711000373125","2.69","180g (1 kg = 14,94 €)","Kaffee, Tee & Kakao","False","https://img.rewe-static.de/0533671/6853110_digital-image.png"
"Dallmayr Barista Café Crema Dolce 1000g","Dallmayr","4008167043805","14.99","1000g","Kaffee, Tee & Kakao","False","https://img.rewe-static.de/7800107/35664320_digital-image.png"
"Krüger Eiskaffee Classic Getränkepulver 275g","Krüger","4052700069203","2.79","275g (1 kg = 10,15 €)","Kaffee, Tee & Kakao","False","https://img.rewe-static.de/3302067/6623630_digital-image.png"
"Teekanne Fruchtige Waldbeere 50g, 20 Beutel","Teekanne","4009300008170","1.99","50g (1 kg = 39,80 €)","Kaffee, Tee & Kakao","False","https://img.rewe-static.de/0809672/9630490_digital-image.png"
"Teekanne Heiße Liebe 60g","Teekanne","4009300019367","2.29","45g (1 kg = 50,89 €)","Kaffee, Tee & Kakao","False","https://img.rewe-static.de/9030580/40986627_digital-image.png"
"Melitta BellaCrema Selection des Jahres Ganze Kaffeebohnen 1kg","Melitta","4002720008096","13.99","1000g","Kaffee, Tee & Kakao","False","https://img.rewe-static.de/1329841/26501246_digital-image.png"
"Nescafé Gold Mild Löslicher Kaffee 200g","Nescafé","7613036246675","9.99","200g (1 kg = 49,95 €)","Kaffee, Tee & Kakao","False","https://img.rewe-static.de/7204394/27435987_digital-image.png"
"Tassimo Kaffeekapseln Jacobs Krönung 144g, 16 Kapseln","Tassimo","8711000500286","5.79","144g (1 kg = 40,21 €)","Kaffee, Tee & Kakao","False","https://img.rewe-static.de/1265424/27789773_digital-image.png"
"Senseo Kaffeepads Café Latte 92g, 8 Pads","Senseo","4047046006098","3.29","92g (1 kg = 35,76 €)","Kaffee, Tee & Kakao","False","https://img.rewe-static.de/1489398/23993865_digital-image.png"
"Krüger Chai Latte Schoko Sweet India 10 Beutel 250g","Krüger","4052700083421","2.99","250g (1 kg = 11,96 €)","Kaffee, Tee & Kakao","False","https://img.rewe-static.de/0890484/7740080_digital-image.png"
"Melitta Filtertüten 1x4 Gourmet Intense 80 Stück","Melitta","4006508208814","2.99","80 Stück","Kaffee, Tee & Kakao","False","https://img.rewe-static.de/1960747/22363444_digital-image.png"
"Melitta Harmonie entkoffeiniert Filterkaffee gemahlen 500g","Melitta","4002720000496","6.99","500g (1 kg = 13,98 €)","Kaffee, Tee & Kakao","False","https://img.rewe-static.de/4799097/1562180_digital-image.png"
"Melitta Filtertüten 1x2 naturbraun 80 Stück","Melitta","4006508178087","2.49","80 Stück","Kaffee, Tee & Kakao","False","https://img.rewe-static.de/5236770/7473040_digital-image.png"
"Adelbyer Kaffeewölkchen 4% 250g","Adelbyer","40272979","1.09","250g (1 kg = 4,36 €)","Kaffee, Tee & Kakao","False","https://img.rewe-static.de/6860842/3338670_digital-image.png"
"Jacobs Kaffeekapseln Lungo 8 Intenso, 20 Nespresso kompatible Kapseln","Jacobs","8711000371251","4.99","104g (1 kg = 47,98 €)","Kaffee, Tee & Kakao","False","https://img.rewe-static.de/7046954/26842383_digital-image.png"
"Jacobs Kaffeekapseln Espresso 12 Ristretto 104g, 20 Nespresso kompatible Kapseln","Jacobs","8711000377505","4.99","104g (1 kg = 47,98 €)","Kaffee, Tee & Kakao","False","https://img.rewe-static.de/7049950/29916443_digital-image.png"
"Jacobs Krönung Crema 104g, 20 Kapseln","Jacobs","8711000477571","4.99","104g (1 kg = 47,98 €)","Kaffee, Tee & Kakao","False","https://img.rewe-static.de/7999499/31983080_digital-image.png"
"Starbucks House Blend Lungo by Nespresso 57g, 10 Kapseln","Starbucks","7613036957120","4.29","57g (1 kg = 75,26 €)","Kaffee, Tee & Kakao","False","https://img.rewe-static.de/8335454/30178191_digital-image.png"
"REWE Bio Kamillen Tee 30g","REWE Bio","4337256667623","0.95","30g (1 kg = 31,67 €)","Kaffee, Tee & Kakao","False","https://img.rewe-static.de/8109025/29743721_digital-image.png"
"Starbucks Italian Style Roast by Nespresso 56g, 10 Kapseln","Starbucks","7613287302137","4.29","56g (1 kg = 76,61 €)","Kaffee, Tee & Kakao","False","https://img.rewe-static.de/7897220/32803064_digital-image.png"
"Meßmer Feinster Earl Grey 44g, 25 Beutel","Meßmer","4001257218404","2.35","43,75g (1 kg = 53,71 €)","Kaffee, Tee & Kakao","False","https://img.rewe-static.de/9530789/6898100_digital-image.png"
"REWE Bio Fenchel-Anis-Kümmel Tee 40g","REWE Bio","4337256674942","1.29","40g (1 kg = 32,25 €)","Kaffee, Tee & Kakao","False","https://img.rewe-static.de/8255376/29743801_digital-image.png"
"Eduscho Filterkaffee mild 500g","Eduscho","4061445227038","5.99","500g (1 kg = 11,98 €)","Kaffee, Tee & Kakao","True","https://img.rewe-static.de/8785707/36622867_digital-image.png"
"REWE Bio Früchtetee 40g 20 Beutel","REWE Bio","4337256789639","0.95","40g (1 kg = 23,75 €)","Kaffee, Tee & Kakao","False","https://img.rewe-static.de/9050225/43001564_digital-image.png"
"Meßmer Salbei-Mischung mit Eukalyptus 44g, 25 Beutel","Meßmer","4002221014015","2.35","43,75g (1 kg = 53,71 €)","Kaffee, Tee & Kakao","False","https://img.rewe-static.de/0436557/7459860_digital-image.png"
"Meßmer Tee Kamille-Fenchel 40,25g, 23 Beutel","Meßmer","4002221041738","2.35","40,25g (1 kg = 58,39 €)","Kaffee, Tee & Kakao","False","https://img.rewe-static.de/8602051/34708199_digital-image.png"
"Teekanne Sanfte Kamille 30g, 20 Beutel","Teekanne","4009300005841","1.99","30g (1 kg = 66,33 €)","Kaffee, Tee & Kakao","False","https://img.rewe-static.de/3652009/2278210_digital-image.png"
"Meßmer Milde Hagebutten-Mischung 75g, 25 Beutel","Meßmer","4001257152005","2.35","75g (1 kg = 31,33 €)","Kaffee, Tee & Kakao","False","https://img.rewe-static.de/6818277/16001230_digital-image.png"
"Nestlé Nesquik Original Kakao 350g","Nestlé","8445291238701","3.29","350g (1 kg = 9,40 €)","Kaffee, Tee & Kakao","False","https://img.rewe-static.de/9060687/44720559_digital-image.png"
"Senseo Kaffeepads Guten Morgen 125g, 10 Pads","Senseo","8711000452684","3.29","125g (1 kg = 26,32 €)","Kaffee, Tee & Kakao","False","https://img.rewe-static.de/0424440/23993862_digital-image.png"
"Dallmayr Capsa Prodomo 56g, 10 Kapseln","Dallmayr","4008167011101","3.49","56g (1 kg = 62,32 €)","Kaffee, Tee & Kakao","False","https://img.rewe-static.de/7035302/26711350_digital-image.png"
"Melitta Auslese Klassisch Kaffeepads 16 Pads","Melitta","4002720001738","2.29","112g (1 kg = 20,45 €)","Kaffee, Tee & Kakao","False","https://img.rewe-static.de/0980018/31089204_digital-image.png"
"Mövenpick Der Himmlische ganze Bohne 500g","Mövenpick","4006581001753","8.49","500g (1 kg = 16,98 €)","Kaffee, Tee & Kakao","False","https://img.rewe-static.de/3421589/3604200_digital-image.png"
"Teekanne Spritzige Malve 40g, 20 Beutel","Teekanne","4009300005858","1.99","40g (1 kg = 49,75 €)","Kaffee, Tee & Kakao","False","https://img.rewe-static.de/3653757/23064942_digital-image.png"
"Krüger Chai Latte Vanille Zimt Classic India 10 Beutel 250g","Krüger","4052700079097","2.99","250g (1 kg = 11,96 €)","Kaffee, Tee & Kakao","False","https://img.rewe-static.de/0174652/5199180_digital-image.png"
"REWE Feine Welt Bio Früchtetee Kanadische Cranberry 30g, 15 Beutel","REWE Feine Welt","4337256663366","1.99","30g (1 kg = 66,33 €)","Kaffee, Tee & Kakao","False","https://img.rewe-static.de/8962865/40636037_digital-image.png"
"Tchibo Feine Milde Ganze Bohne 500g","Tchibo","4006067083983","6.99","500g (1 kg = 13,98 €)","Kaffee, Tee & Kakao","True","https://img.rewe-static.de/5840678/3927540_digital-image.png"
"Jacobs Filterkaffee Meisterröstung, 500g","Jacobs","8711000670026","5.49","500g (1 kg = 10,98 €)","Kaffee, Tee & Kakao","False","https://img.rewe-static.de/7056051/27576980_digital-image.png"
"Teekanne Prinzessin Lillifee 55g, 20 Beutel","Teekanne","4009300009894","2.29","55g (1 kg = 41,64 €)","Kaffee, Tee & Kakao","False","https://img.rewe-static.de/1298928/21844573_digital-image.png"
"Melitta Harmonie Mild Filterkaffee gemahlen 500g","Melitta","4002720002285","6.99","500g (1 kg = 13,98 €)","Kaffee, Tee & Kakao","False","https://img.rewe-static.de/0649244/2122640_digital-image.png"
"Nescafé Dolce Gusto Dallmayr Crema d'Oro 120g, 16 Kapseln","Nescafé","7613033659782","5.49","120g (1 kg = 45,75 €)","Kaffee, Tee & Kakao","False","https://img.rewe-static.de/1343539/20434295_digital-image.png"
"Melitta Filtertüten 1x4 naturbraun Aroma 80 Stück","Melitta","4006508206810","2.99","80 Stück","Kaffee, Tee & Kakao","False","https://img.rewe-static.de/1371904/19997310_digital-image.png"
"Meßmer Klassik 44g, 25 Beutel","Meßmer","4001257218503","2.35","43,75g (1 kg = 53,71 €)","Kaffee, Tee & Kakao","False","https://img.rewe-static.de/9523170/1191420_digital-image.png"
"Jacobs Filterkaffee Auslese klassisch 500g","Jacobs","8711000669969","5.49","500g (1 kg = 10,98 €)","Kaffee, Tee & Kakao","False","https://img.rewe-static.de/7055901/26484398_digital-image.png"
"REWE Feine Welt Bio Chanchamayo-Espresso 250g","REWE Feine Welt","4337256093897","4.29","250g (1 kg = 17,16 €)","Kaffee, Tee & Kakao","False","https://img.rewe-static.de/2413635/23871400_digital-image.png"
"Dallmayr Prodomo naturmild 500g","Dallmayr","4008167103905","7.99","500g (1 kg = 15,98 €)","Kaffee, Tee & Kakao","False","https://img.rewe-static.de/0049953/27329870_digital-image.png"
"Nescafé Classic 200g","Nescafé","4005500005827","7.99","200g (1 kg = 39,95 €)","Kaffee, Tee & Kakao","False","https://img.rewe-static.de/0234273/25162030_digital-image.png"
"Tassimo Kaffeekapseln Jacobs Latte Macchiato Classico 264g, 8 Kapseln","Tassimo","8711000504895","5.79","264g (1 kg = 21,93 €)","Kaffee, Tee & Kakao","False","https://img.rewe-static.de/2501141/24313666_digital-image.png"
"Jacobs Momente Choco Cappuccino Milka 500g","Jacobs","8711000525098","4.99","500g (1 kg = 9,98 €)","Kaffee, Tee & Kakao","False","https://img.rewe-static.de/7819420/930970_digital-image.png"
"Tchibo Black & White Big Pack 252g, 36 Pads","Tchibo","4061445284253","5.99","252g (1 kg = 23,77 €)","Kaffee, Tee & Kakao","False","https://img.rewe-static.de/8936575/40797717_digital-image.png"
"Yogi Tea Bio Tee Basische Kräuter 35,7g 17 Beutel","Yogi Tea","4012824404243","2.75","35,70g (1 kg = 77,03 €)","Kaffee, Tee & Kakao","False","https://img.rewe-static.de/3464808/30069816_digital-image.png"
"J.J. Darboven Eilles Gourmet-Café gemahlen 500g","J.J. Darboven","4006581020006","7.49","500g (1 kg = 14,98 €)","Kaffee, Tee & Kakao","False","https://img.rewe-static.de/7566220/25722026_digital-image.png"
"Melitta Filtertüten 1x4 weiß Aroma 80 Stück","Melitta","4006508206827","2.99","80 Stück","Kaffee, Tee & Kakao","False","https://img.rewe-static.de/1371905/19997340_digital-image.png"
"Meßmer Holunderblüte-Limette 50g, 20 Beutel","Meßmer","4002221030114","1.49","50g (1 kg = 29,80 €)","Kaffee, Tee & Kakao","True","https://img.rewe-static.de/7036336/29123104_digital-image.png"
"REWE Feine Welt Bio Früchtetee Spanische Orange 30g, 15 Beutel","REWE Feine Welt","4337256672269","1.99","30g (1 kg = 66,33 €)","Kaffee, Tee & Kakao","False","https://img.rewe-static.de/8968432/40635940_digital-image.png"
"Jacobs Cappuccino entkoffeiniert, Kaffeespezialitäten 220g","Jacobs","8711000524855","3.49","220g (1 kg = 15,86 €)","Kaffee, Tee & Kakao","False","https://img.rewe-static.de/0137300/1007760_digital-image.png"
"Jacobs Instantkaffe Krönung 20 Sticks, 36g","Jacobs","8711000433270","2.69","36g (1 kg = 74,72 €)","Kaffee, Tee & Kakao","False","https://img.rewe-static.de/8100207/29261606_digital-image.png"
"Jacobs Kaffeespezialitäten 2 in1, 10 Sticks mit Instant Kaffee","Jacobs","8711000506417","2.69","140g (1 kg = 19,21 €)","Kaffee, Tee & Kakao","False","https://img.rewe-static.de/0339397/28054679_digital-image.png"
"Tassimo Kaffeekapseln Jacobs Caffè Crema classico 132,8g, 16 Kapseln","Tassimo","8711000500033","5.79","132,80g (1 kg = 43,60 €)","Kaffee, Tee & Kakao","False","https://img.rewe-static.de/1398793/20366870_digital-image.png"
"Meßmer Nordische Beeren 50g, 20 Beutel","Meßmer","4002221038028","2.49","50g (1 kg = 49,80 €)","Kaffee, Tee & Kakao","False","https://img.rewe-static.de/8427701/31128360_digital-image.png"
"Cupper Bio Tee Little Dreamer 30g, 20 Beutel","Cupper Tea","5021991939648","2.99","30g (1 kg = 99,67 €)","Kaffee, Tee & Kakao","False","https://img.rewe-static.de/2328749/39103237_digital-image.png"
"Jacobs löslicher Kaffee Café Crema, 25 Instant Kaffee Sticks","Jacobs","8711000396780","2.69","45g (1 kg = 59,78 €)","Kaffee, Tee & Kakao","False","https://img.rewe-static.de/7194953/29459131_digital-image.png"
"Melitta BellaCrema Speciale Ganze Kaffeebohnen 1kg","Melitta","4002720008508","13.99","1000g","Kaffee, Tee & Kakao","False","https://img.rewe-static.de/5791235/1247670_digital-image.png"
"Teekanne Spritziger Ingwer-Lemon 35g, 20 Beutel","Teekanne","4009300008965","1.99","35g (1 kg = 56,86 €)","Kaffee, Tee & Kakao","False","https://img.rewe-static.de/1008284/9132860_digital-image.png"
"Krüger Day by Day Heißgetränk Typ Holunder 160g","Krüger","4052700202327","2.29","160g (1 kg = 14,31 €)","Kaffee, Tee & Kakao","False","https://img.rewe-static.de/2914630/25554643_digital-image.png"
"Nescafé Dolce Gusto Latte Macchiato 183,2g, 16 Kapseln","Nescafé","7613037491173","5.49","183,20g (1 kg = 29,97 €)","Kaffee, Tee & Kakao","False","https://img.rewe-static.de/8012600/30719169_digital-image.png"
"Niederegger Marzipan Cappuccino 10x22g","Niederegger","4000161850236","4.9","10x22g (1 kg = 22,27 €)","Kaffee, Tee & Kakao","False","https://img.rewe-static.de/1342532/22827375_digital-image.png"
"Meßmer Cold Tea Himbeere-Zitrone 38,5g, 14 Beutel","Meßmer","4002221040182","3.19","38,50g (1 kg = 82,86 €)","Kaffee, Tee & Kakao","False","https://img.rewe-static.de/7962929/33124379_digital-image.png"
"Senseo Kaffeepads Mild 111g, 16 Pads","Senseo","8711000452479","3.29","111g (1 kg = 29,64 €)","Kaffee, Tee & Kakao","False","https://img.rewe-static.de/1056374/25270942_digital-image.png"
"Tchibo Caffè Crema Mild ganze Bohne 1kg","Tchibo","4046234816006","16.99","1000g","Kaffee, Tee & Kakao","False","https://img.rewe-static.de/3021118/25722546_digital-image.png"
"REWE Beste Wahl Kondensmilch 4% Fett 200g","REWE Beste Wahl","42015512","0.89","200g (1 kg = 4,45 €)","Kaffee, Tee & Kakao","False","https://img.rewe-static.de/0112916/21837706_digital-image.png"
"Meßmer Kamille 75g, 50 Beutel","Meßmer","4002221009905","3.99","75g (1 kg = 53,20 €)","Kaffee, Tee & Kakao","False","https://img.rewe-static.de/0682727/5251850_digital-image.png"
"Jacobs Instant Kaffee Milka 180g","Jacobs","8711000458723","2.69","180g (1 kg = 14,94 €)","Kaffee, Tee & Kakao","False","https://img.rewe-static.de/8523512/32670613_digital-image.png"
"Yogi Tea Bio Tee Halswärmer 32,3g 17 Beutel","Yogi Tea","4012824401396","2.75","32,30g (1 kg = 85,14 €)","Kaffee, Tee & Kakao","False","https://img.rewe-static.de/1383281/20284741_digital-image.png"
"Nescafé Gold Löslicher Kaffee 200g","Nescafé","7613036305846","9.99","200g (1 kg = 49,95 €)","Kaffee, Tee & Kakao","False","https://img.rewe-static.de/7201977/27435985_digital-image.png"
"Nescafé Dolce Gusto Café Au Lait 160g,16 Kapseln","Nescafé","7613033174704","5.49","160g (1 kg = 34,31 €)","Kaffee, Tee & Kakao","False","https://img.rewe-static.de/1182393/20610304_digital-image.png"
"Teekanne Rooibos Sahne-Karamell 35g, 20 Beutel","Teekanne","4009300012726","2.29","35g (1 kg = 65,43 €)","Kaffee, Tee & Kakao","False","https://img.rewe-static.de/2454367/23878991_digital-image.png"
"Teekanne Fenchel-Anis-Kümmeltee 60g, 20 Beutel","Teekanne","4009300005872","1.99","60g (1 kg = 33,17 €)","Kaffee, Tee & Kakao","False","https://img.rewe-static.de/3655512/677450_digital-image.png"
"REWE Feine Welt Bio Gewürztee Indischer Chai 30g, 15 Beutel","REWE Feine Welt","4337256673181","1.99","30g (1 kg = 66,33 €)","Kaffee, Tee & Kakao","False","https://img.rewe-static.de/7661262/40635953_digital-image.png"
"Yogi Tea Bio Tee Ingwer Zitrone 30,6g 17 Beutel","Yogi Tea","4012824401303","2.75","30,60g (1 kg = 89,87 €)","Kaffee, Tee & Kakao","False","https://img.rewe-static.de/1383278/20285110_digital-image.png"
"REWE Feine Welt Bio Kräutertee Französischer Lavendel 30g, 15 Beutel","REWE Feine Welt","4337256673006","1.99","30g (1 kg = 66,33 €)","Kaffee, Tee & Kakao","False","https://img.rewe-static.de/7661473/40636062_digital-image.png"
"Mövenpick Kaffee Classic gemahlen 500g","Mövenpick","4006581170145","7.49","500g (1 kg = 14,98 €)","Kaffee, Tee & Kakao","False","https://img.rewe-static.de/8915959/39143081_digital-image.png"
"Meßmer Toskanischer Pfirsich 50g, 20 Beutel","Meßmer","4002221038042","2.49","50g (1 kg = 49,80 €)","Kaffee, Tee & Kakao","False","https://img.rewe-static.de/8005611/31131803_digital-image.png"
"Teekanne Ingwer Kurkuma 32,4g, 18 Beutel","Teekanne","4009300014737","1.99","32,40g (1 kg = 61,42 €)","Kaffee, Tee & Kakao","False","https://img.rewe-static.de/7088301/27058932_digital-image.png"
"Nescafé Dolce Gusto Cappuccino 186g, 16 Kapseln","Nescafé","7613036306294","5.49","186g (1 kg = 29,52 €)","Kaffee, Tee & Kakao","False","https://img.rewe-static.de/7235910/27587581_digital-image.png"
"Jacobs Kaffeebohnen Barista Editions Crema Intense 1kg","Jacobs","8711000415399","15.99","1000g","Kaffee, Tee & Kakao","False","https://img.rewe-static.de/8222774/28879623_digital-image.png"
"Teekanne Schocofix Classic 25g","Teekanne","40093345","0.39","25g (1 kg = 15,60 €)","Kaffee, Tee & Kakao","False","https://img.rewe-static.de/7878940/2727180_digital-image.png"
"Niederegger Typ Marzipan Milchkaffee 10x20g","Niederegger","4000161850434","4.9","10x20g (1 kg = 24,50 €)","Kaffee, Tee & Kakao","False","https://img.rewe-static.de/1342529/31504633_digital-image.png"
"Melitta Kaffee des Jahres Filterkaffee gemahlen 500g","Melitta","4002720002100","6.99","500g (1 kg = 13,98 €)","Kaffee, Tee & Kakao","False","https://img.rewe-static.de/2711746/24689814_digital-image.png"
"Tchibo For Black 'n White 500g","Tchibo","4061445214779","5.99","500g (1 kg = 11,98 €)","Kaffee, Tee & Kakao","True","https://img.rewe-static.de/8687441/35450960_digital-image.png"
"Melitta Filtertüten 1x6 naturbraun 40 Stück","Melitta","4006508123834","2.49","40 Stück","Kaffee, Tee & Kakao","False","https://img.rewe-static.de/5399840/740520_digital-image.png"
"Meßmer Waldbeere 55g, 20 Beutel","Meßmer","4002221030152","1.49","55g (1 kg = 27,09 €)","Kaffee, Tee & Kakao","True","https://img.rewe-static.de/7036467/26682763_digital-image.png"
"Teekanne Süßer Bratapfel 50g, 20 Beutel","Teekanne","4009300013631","2.49","50g (1 kg = 49,80 €)","Kaffee, Tee & Kakao","False","https://img.rewe-static.de/2803646/25609886_digital-image.png"
"Meßmer Kamille 37,5g, 25 Beutel","Meßmer","4001257154009","2.35","37,50g (1 kg = 62,67 €)","Kaffee, Tee & Kakao","False","https://img.rewe-static.de/6818137/6726990_digital-image.png"
"Lavazza Caffè Espresso 250g","Lavazza","8000070012837","5.49","250g (1 kg = 21,96 €)","Kaffee, Tee & Kakao","False","https://img.rewe-static.de/6698492/5993250_digital-image.png"
"Meßmer Italienische Limone 50g, 20 Beutel","Meßmer","4002221038066","2.49","50g (1 kg = 49,80 €)","Kaffee, Tee & Kakao","False","https://img.rewe-static.de/8426507/31231274_digital-image.png"
"Meßmer Lavendelblüte Baldrian 20 Teebeutel, 40g","Meßmer","4002221048485","1.49","40g (1 kg = 37,25 €)","Kaffee, Tee & Kakao","True","https://img.rewe-static.de/7646686/41086352_digital-image.png"
"Senseo Kaffeepads Typ Cappuccino 92g, 8 Pads","Senseo","8711000300008","3.29","92g (1 kg = 35,76 €)","Kaffee, Tee & Kakao","False","https://img.rewe-static.de/7657448/40401348_digital-image.png"
"REWE Bio Kaffeesahne 10% Fett 165g","REWE Bio","4337256247344","1.09","165g (1 kg = 6,61 €)","Kaffee, Tee & Kakao","False","https://img.rewe-static.de/1255627/15746280_digital-image.png"
"Teekanne Organics Bio Tee Oriental Chai 36g, 20 Beutel","Teekanne","4009300015161","3.49","36g (1 kg = 96,94 €)","Kaffee, Tee & Kakao","False","https://img.rewe-static.de/7289312/28475142_digital-image.png"
"Krüger Family Cappuccino Classico 500g","Krüger","4052700069753","4.49","500g (1 kg = 8,98 €)","Kaffee, Tee & Kakao","False","https://img.rewe-static.de/0470830/1926350_digital-image.png"
"Jacobs Crema Pads Kräftig 118g, 18 Pads","Jacobs","8711000851937","2.69","118g (1 kg = 22,80 €)","Kaffee, Tee & Kakao","False","https://img.rewe-static.de/8423948/30888240_digital-image.png"
"Meßmer Pfefferminze 56g, 25 Beutel","Meßmer","4001257153002","2.35","56,25g (1 kg = 41,78 €)","Kaffee, Tee & Kakao","False","https://img.rewe-static.de/6818501/6649570_digital-image.png"
"Meßmer Fenchel-Anis-Kümmel 50g","Meßmer","4002221009325","2.35","50g (1 kg = 47 €)","Kaffee, Tee & Kakao","False","https://img.rewe-static.de/5952654/7460190_digital-image.png"
"MinusL Kaffeesahne 165g","MinusL","4062800006206","1.35","165g (1 kg = 8,18 €)","Kaffee, Tee & Kakao","False","https://img.rewe-static.de/0456541/3177640_digital-image.png"
"Tchibo Cafissimo Kaffee Kapseln mild 65g","Tchibo","4046234947595","3.49","65g (1 kg = 53,69 €)","Kaffee, Tee & Kakao","False","https://img.rewe-static.de/7283114/31505127_digital-image.png"
"Eduscho Caffè Crema kräftig 1kg","Eduscho","4061445226802","11.99","1000g","Kaffee, Tee & Kakao","True","https://img.rewe-static.de/8782952/36622955_digital-image.png"
"Krüger Family Cappuccino Caramel-Krokant 500g","Krüger","4052700072951","4.49","500g (1 kg = 8,98 €)","Kaffee, Tee & Kakao","False","https://img.rewe-static.de/0796840/9580870_digital-image.png"
"Teekanne Ostfriesen Teefix 75g, 50 Beutel","Teekanne","4009300001065","3.29","75g (1 kg = 43,87 €)","Kaffee, Tee & Kakao","False","https://img.rewe-static.de/5619777/7477280_digital-image.png"
"Monin Sirup Karamel 0,25l","Monin","3052911606588","3.99","0,25l (1 l = 15,96 €)","Kaffee, Tee & Kakao","False","https://img.rewe-static.de/8897719/46077191_digital-image.png"
"Teekanne Mediterraner Pfirsich 50g, 20 Beutel","Teekanne","4009300014164","2.29","50g (1 kg = 45,80 €)","Kaffee, Tee & Kakao","False","https://img.rewe-static.de/2949605/37792446_digital-image.png"
"Melitta Auslese Klassisch Filterkaffee gemahlen 500g","Melitta","4002720002261","6.99","500g (1 kg = 13,98 €)","Kaffee, Tee & Kakao","False","https://img.rewe-static.de/0167266/21439610_digital-image.png"
"Teekanne Kaminabend 40g, 20 Beutel","Teekanne","4009300014577","2.49","40g (1 kg = 62,25 €)","Kaffee, Tee & Kakao","False","https://img.rewe-static.de/7011041/27043195_digital-image.png"
"Lavazza Kaffeepads Crema e Aroma 125g, 18 Stück","Lavazza","8000070062528","2.99","125g (1 kg = 23,92 €)","Kaffee, Tee & Kakao","False","https://img.rewe-static.de/8732196/35732268_digital-image.png"
"Tassimo Kaffeekapseln Jacobs Cappuccino Choco 208g, 8 Kapseln","Tassimo","8711000504741","5.79","208g (1 kg = 27,84 €)","Kaffee, Tee & Kakao","False","https://img.rewe-static.de/2452028/25203671_digital-image.png"
"Nescafé Dolce Gusto Extra Crema 136g, 16 Kapseln","Nescafé","8445290456410","5.49","136g (1 kg = 40,37 €)","Kaffee, Tee & Kakao","False","https://img.rewe-static.de/8891093/39641369_digital-image.png"
"Nescafé Dolce Gusto Flat White 187,5g, 16 Kapseln","Nescafé","7613036675680","5.49","187,20g (1 kg = 29,33 €)","Kaffee, Tee & Kakao","False","https://img.rewe-static.de/8145722/28368609_digital-image.png"
"Nescafé Dolce Gusto Latte Macchiato Caramel 145,6, 16 Kapseln","Nescafé","7613037788884","5.49","145,60g (1 kg = 37,71 €)","Kaffee, Tee & Kakao","False","https://img.rewe-static.de/8010920/30826600_digital-image.png"
"suchard express Kakao 400g","Suchard","4052700022970","2.79","400g (1 kg = 6,98 €)","Kaffee, Tee & Kakao","False","https://img.rewe-static.de/8908126/39431257_digital-image.png"
"REWE Bio Pfefferminztee 30g, 20 Beutel","REWE Bio","4388844023062","1.29","30g (1 kg = 43 €)","Kaffee, Tee & Kakao","False","https://img.rewe-static.de/1007026/9066010_digital-image.png"
"Teekanne Spanische Orange 50g, 20 Beutel","Teekanne","4009300009863","2.29","50g (1 kg = 45,80 €)","Kaffee, Tee & Kakao","False","https://img.rewe-static.de/1298924/21170466_digital-image.png"
"Meßmer Fenchel 75g, 25 Beutel","Meßmer","4001257157000","2.35","75g (1 kg = 31,33 €)","Kaffee, Tee & Kakao","False","https://img.rewe-static.de/6818234/7478610_digital-image.png"
"Teekanne Minze 45g, 20 Beutel","Teekanne","4009300005810","1.99","45g (1 kg = 44,22 €)","Kaffee, Tee & Kakao","False","https://img.rewe-static.de/3481190/6752540_digital-image.png"
"Teekanne Vollmundige Hagebutte 70g, 20 Beutel","Teekanne","4009300005834","1.99","70g (1 kg = 28,43 €)","Kaffee, Tee & Kakao","False","https://img.rewe-static.de/3651053/677480_digital-image.png"
"Tchibo Feine Milde Big Pack 252g, 36 Pads","Tchibo","4061445284239","5.99","252g (1 kg = 23,77 €)","Kaffee, Tee & Kakao","False","https://img.rewe-static.de/7627950/40797660_digital-image.png"
"Tchibo Feine Milde 2x250g","Tchibo","4006067009310","6.99","2x500g (1 kg = 13,98 €)","Kaffee, Tee & Kakao","True","https://img.rewe-static.de/6930425/1368470_digital-image.png"
"REWE Bio Salbeitee 30g, 20 Beutel","REWE Bio","4388844096233","1.49","30g (1 kg = 49,67 €)","Kaffee, Tee & Kakao","False","https://img.rewe-static.de/2054423/22906455_digital-image.png"
"Lavazza Caffè Crema Classico 1kg","Lavazza","8000070027411","17.99","1000g","Kaffee, Tee & Kakao","False","https://img.rewe-static.de/3600483/26263099_digital-image.png"
"Lavazza Espresso Cremoso 1kg","Lavazza","8000070027336","17.99","1000g","Kaffee, Tee & Kakao","False","https://img.rewe-static.de/7713460/21256745_digital-image.png"
"Kaba Erdbeer-Geschmack 400g","Kaba","4052700022918","2.79","400g (1 kg = 6,98 €)","Kaffee, Tee & Kakao","False","https://img.rewe-static.de/8436465/31111747_digital-image.png"
"Lavazza Crema e Aroma 1kg","Lavazza","8000070025400","17.99","1000g","Kaffee, Tee & Kakao","False","https://img.rewe-static.de/0293182/30798874_digital-image.png"
"Schwartau Coffee Shop Caramel Sirup 200ml","Schwartau","4011800330118","2.59","200ml (1 l = 12,95 €)","Kaffee, Tee & Kakao","False","https://img.rewe-static.de/1073024/14206700_digital-image.png"
"Meßmer Holunder-Kirsche 55g, 20 Beutel","Meßmer","4002221030053","1.49","55g (1 kg = 27,09 €)","Kaffee, Tee & Kakao","True","https://img.rewe-static.de/7036028/26686051_digital-image.png"
"Teekanne Karibische Mango 45g, 20 Beutel","Teekanne","4009300018629","2.29","45g (1 kg = 50,89 €)","Kaffee, Tee & Kakao","False","https://img.rewe-static.de/8622163/33508529_digital-image.png"
"Senseo Kaffeepads Classic 111g, 16 Pads","Senseo","8711000452448","3.29","111g (1 kg = 29,64 €)","Kaffee, Tee & Kakao","False","https://img.rewe-static.de/1056372/22943110_digital-image.png"
"Lavazza Caffè Crema Dolce 1kg","Lavazza","8000070027435","17.99","1000g","Kaffee, Tee & Kakao","False","https://img.rewe-static.de/0073073/696020_digital-image.png"
"Jacobs Gold löslicher Kaffee 100g","Jacobs","4000508040221","5.69","100g (1 kg = 56,90 €)","Kaffee, Tee & Kakao","False","https://img.rewe-static.de/3988678/43597798_digital-image.png"
"Jacobs Kaffeebohnen Barista Editions Crema 1kg","Jacobs","8711000891704","15.99","1000g","Kaffee, Tee & Kakao","False","https://img.rewe-static.de/7194831/27547447_digital-image.png"
"REWE Bio Caffè Crema ganze Bohne 1kg","REWE Bio","4388844206526","11.75","1000g","Kaffee, Tee & Kakao","False","https://img.rewe-static.de/2557918/44395729_digital-image.png"
"Teekanne Italienische Limone 50g, 20 Beutel","Teekanne","4009300014492","2.29","50g (1 kg = 45,80 €)","Kaffee, Tee & Kakao","False","https://img.rewe-static.de/7035664/26900259_digital-image.png"
"Teekanne Fencheltee 60g, 20 Beutel","Teekanne","4009300005865","1.99","60g (1 kg = 33,17 €)","Kaffee, Tee & Kakao","False","https://img.rewe-static.de/3653951/24684702_digital-image.png"
"Teekanne Sanfter Kamille-Fenchel 40g, 20 Beutel","Teekanne","4009300008903","1.99","40g (1 kg = 49,75 €)","Kaffee, Tee & Kakao","False","https://img.rewe-static.de/0973191/22140190_digital-image.png"
"Teekanne Rooibos Vanille 35g, 20 Beutel","Teekanne","4009300012719","2.29","35g (1 kg = 65,43 €)","Kaffee, Tee & Kakao","False","https://img.rewe-static.de/2454369/23935709_digital-image.png"
"Jacobs Filterkaffee Auslese Mild und Sanft 500g","Jacobs","8711000669990","5.49","500g (1 kg = 10,98 €)","Kaffee, Tee & Kakao","False","https://img.rewe-static.de/7055529/27954828_digital-image.png"
"Bärenmarke Der Genussvolle Traum 8 Kondensmilch 170g","Bärenmarke","4045317052539","1.29","170g (1 kg = 7,59 €)","Kaffee, Tee & Kakao","False","https://img.rewe-static.de/5811481/21530266_digital-image.png"
"Krüger Früchtezauber Zitrone Teegetränk 400g","Krüger","4052700001074","1.99","400g (1 kg = 4,98 €)","Kaffee, Tee & Kakao","False","https://img.rewe-static.de/5728371/3083920_digital-image.png"
"REWE Bio Röstkaffee gemahlen 500g","REWE Bio","4388844009882","6.25","500g (1 kg = 12,50 €)","Kaffee, Tee & Kakao","False","https://img.rewe-static.de/0297368/738920_digital-image.png"
"Melitta BellaCrema Espresso Ganze Kaffeebohnen 1kg","Melitta","4002720008300","13.99","1000g","Kaffee, Tee & Kakao","False","https://img.rewe-static.de/9572236/5457070_digital-image.png"
"Meßmer Himmelszauber Winterpunsch-Mandel 55g, 20 Beutel","Meßmer","4002221030336","2.35","55g (1 kg = 42,73 €)","Kaffee, Tee & Kakao","False","https://img.rewe-static.de/7036896/26801419_digital-image.png"
"Café Intención Bio Aromatico gemahlen 500g","Intención","4006581002606","7.99","500g (1 kg = 15,98 €)","Kaffee, Tee & Kakao","False","https://img.rewe-static.de/4393961/25793252_digital-image.png"
"Teekanne Sizilianische Blutorange 40,5g, 18 Beutel","Teekanne","4009300019701","2.29","40,50g (1 kg = 56,54 €)","Kaffee, Tee & Kakao","False","https://img.rewe-static.de/7672029/42904269_digital-image.png"
"Jacobs Kaffeebohnen Barista Editions Espresso 1kg","Jacobs","8711000891735","15.99","1000g","Kaffee, Tee & Kakao","False","https://img.rewe-static.de/7193983/27547790_digital-image.png"
"Teekanne Winterzeit 50g, 20 Beutel","Teekanne","4009300019251","2.49","50g (1 kg = 49,80 €)","Kaffee, Tee & Kakao","False","https://img.rewe-static.de/7782201/36774093_digital-image.png"
"Tchibo Cafissimo Caffè Crema vollmundig 76g","Tchibo","4046234835076","3.49","76g (1 kg = 45,92 €)","Kaffee, Tee & Kakao","False","https://img.rewe-static.de/2786213/25402672_digital-image.png"
"Jacobs Barista Editions Crema Bella Italia 1kg","Jacobs","8711000683453","15.99","1000g","Kaffee, Tee & Kakao","False","https://img.rewe-static.de/7696713/40798011_digital-image.png"
"Melitta BellaCrema La Crema Ganze Kaffeebohnen 1kg","Melitta","4002720008102","13.99","1000g","Kaffee, Tee & Kakao","False","https://img.rewe-static.de/9571094/2470620_digital-image.png"
"Meßmer Französische Pflaume 45g 20 Stück","Meßmer","4002221048362","2.49","45g (1 kg = 55,33 €)","Kaffee, Tee & Kakao","False","https://img.rewe-static.de/7676297/40131051_digital-image.png"
"Tchibo Aromatico Classico Ganze Bohne 1000g","Tchibo","4061445303602","11.99","1000g","Kaffee, Tee & Kakao","True","https://img.rewe-static.de/9952712/45782400_digital-image.png"
"Teekanne Persischer Granatapfel 45g, 20 Beutel","Teekanne","4009300011941","2.29","45g (1 kg = 50,89 €)","Kaffee, Tee & Kakao","False","https://img.rewe-static.de/2219849/23213971_digital-image.png"
"Melitta Auslese Klassisch-Mild Filterkaffee gemahlen 500g","Melitta","4002720002117","6.99","500g (1 kg = 13,98 €)","Kaffee, Tee & Kakao","False","https://img.rewe-static.de/3733696/1562190_digital-image.png"
"Meßmer Detox your feelings 40g, 20 Beutel","Meßmer","4002221048461","1.49","40g (1 kg = 37,25 €)","Kaffee, Tee & Kakao","True","https://img.rewe-static.de/7647047/41744181_digital-image.png"
"REWE Beste Wahl Espresso Italienische Art 250g","REWE Beste Wahl","4337256511155","3.99","250g (1 kg = 15,96 €)","Kaffee, Tee & Kakao","False","https://img.rewe-static.de/0115378/20888639_digital-image.png"
"Teekanne Früchtetee Sweet Kiss 60g, 20 Beutel","Teekanne","4009300019374","2.29","45g (1 kg = 50,89 €)","Kaffee, Tee & Kakao","False","https://img.rewe-static.de/8948328/41021964_digital-image.png"
"Mövenpick Der Himmlische gemahlen 500g","Mövenpick","4006581001777","8.49","500g (1 kg = 16,98 €)","Kaffee, Tee & Kakao","False","https://img.rewe-static.de/5401631/6640400_digital-image.png"
"Yogi Tea Bio Tee Kurkuma Chai 34g 17 Beutel","Yogi Tea","4012824404120","2.75","34g (1 kg = 80,88 €)","Kaffee, Tee & Kakao","False","https://img.rewe-static.de/3373736/30069249_digital-image.png"
"Dovgan Gezuckerte Kondensmilch 397g","Dovgan","4032549001770","1.79","397g (1 kg = 4,51 €)","Kaffee, Tee & Kakao","False","https://img.rewe-static.de/0564745/9580650_digital-image.png"
"Eduscho Caffè Crema ganze Bohne 1kg","Eduscho","4061445226840","11.99","1000g","Kaffee, Tee & Kakao","True","https://img.rewe-static.de/7775447/36622984_digital-image.png"
"Tassimo Kaffeekapseln Jacobs Caffé Crema mild 128g, 16 Kapseln","Tassimo","8711000500774","5.79","128g (1 kg = 45,23 €)","Kaffee, Tee & Kakao","False","https://img.rewe-static.de/2117683/23063945_digital-image.png"
"Melitta BellaCrema Intenso Ganze Kaffeebohnen 1kg","Melitta","4002720009741","13.99","1000g","Kaffee, Tee & Kakao","False","https://img.rewe-static.de/8079903/29196854_digital-image.png"
"Tassimo Kaffeekapseln Jacobs Espresso classico 118,4g, 16 Kapseln","Tassimo","8711000500552","5.79","118,40g (1 kg = 48,90 €)","Kaffee, Tee & Kakao","False","https://img.rewe-static.de/1398795/21472537_digital-image.png"
"Meßmer Türkischer Apfel-Feige 50g, 20 Beutel","Meßmer","4002221037946","2.49","50g (1 kg = 49,80 €)","Kaffee, Tee & Kakao","False","https://img.rewe-static.de/8426088/31210369_digital-image.png"
"Niederegger Typ Marzipan Trinkschokolade 10x25g","Niederegger","4000161850335","4.9","10x25g (1 kg = 19,60 €)","Kaffee, Tee & Kakao","False","https://img.rewe-static.de/1342531/31504634_digital-image.png"
"Cupper Bio Tee Be Happy 40g, 20 Beutel","Cupper Tea","5021991940460","2.99","40g (1 kg = 74,75 €)","Kaffee, Tee & Kakao","False","https://img.rewe-static.de/3025754/39103288_digital-image.png"
"Teekanne Spritzige Minze-Zitrone 30g, 20 Beutel","Teekanne","4009300005827","1.99","30g (1 kg = 66,33 €)","Kaffee, Tee & Kakao","False","https://img.rewe-static.de/3649598/22434358_digital-image.png"
"Tchibo Feine Milde Instantkaffee 100g","Tchibo","4046234767414","5.99","100g (1 kg = 59,90 €)","Kaffee, Tee & Kakao","False","https://img.rewe-static.de/2451311/23940946_digital-image.png"
"Jacobs Krönung Signature 500g","Jacobs","8711000708651","7.99","500g (1 kg = 15,98 €)","Kaffee, Tee & Kakao","False","https://img.rewe-static.de/7610024/42788991_digital-image.png"
"Tchibo Cafissimo Kapseln Mild 210g","Tchibo","4046234921052","9.99","210g (1 kg = 47,57 €)","Kaffee, Tee & Kakao","False","https://img.rewe-static.de/7197850/28140130_digital-image.png"
"Jacobs Café Crema Aroma-Bohnen 500g","Jacobs","8711000707241","7.99","500g (1 kg = 15,98 €)","Kaffee, Tee & Kakao","False","https://img.rewe-static.de/9047680/43395966_digital-image.png"
"Meßmer Ingwer-Zitrone 40g, 20 Beutel","Meßmer","4002221030275","1.49","40g (1 kg = 37,25 €)","Kaffee, Tee & Kakao","True","https://img.rewe-static.de/7036409/35156763_digital-image.png"
"Teekanne Italienische Süsskirsche 45g, 20 Beutel","Teekanne","4009300016953","2.29","45g (1 kg = 50,89 €)","Kaffee, Tee & Kakao","False","https://img.rewe-static.de/7999287/31076893_digital-image.png"
"Teekanne Thai Ingwer-Mango 45g, 20 Beutel","Teekanne","4009300014171","2.29","45g (1 kg = 50,89 €)","Kaffee, Tee & Kakao","False","https://img.rewe-static.de/2949597/25817124_digital-image.png"
"Bärenmarke Kaffee-Milch 8% Fett 340g","Bärenmarke","4045317052676","1.99","340g (1 kg = 5,85 €)","Kaffee, Tee & Kakao","False","https://img.rewe-static.de/3815102/20522645_digital-image.png"
"Senseo Milka 112g, 8 Pads","Senseo","8711000468128","3.29","112g (1 kg = 29,38 €)","Kaffee, Tee & Kakao","False","https://img.rewe-static.de/8019573/31076659_digital-image.png"
"REWE Bio Kräutertee 35g, 20 Beutel","REWE Bio","4337256677516","0.95","35g (1 kg = 27,14 €)","Kaffee, Tee & Kakao","False","https://img.rewe-static.de/8109111/29749173_digital-image.png"
"Dallmayr Prodomo 500g","Dallmayr","4008167103714","7.99","500g (1 kg = 15,98 €)","Kaffee, Tee & Kakao","False","https://img.rewe-static.de/4047826/26202544_digital-image.png"
"Meßmer Feinster Grüner Tee 44g, 25 Beutel","Meßmer","4001257214109","2.35","43,75g (1 kg = 53,71 €)","Kaffee, Tee & Kakao","False","https://img.rewe-static.de/0619744/1191430_digital-image.png"
"REWE Bio Instant-Kaffee 100g","REWE Bio","4337256177061","4.65","100g (1 kg = 46,50 €)","Kaffee, Tee & Kakao","False","https://img.rewe-static.de/2849977/25677552_digital-image.png"
"Meßmer Brennnessel-Mischung 50g, 25 Beutel","Meßmer","4001257159004","2.35","50g (1 kg = 47 €)","Kaffee, Tee & Kakao","False","https://img.rewe-static.de/6818064/1193590_digital-image.png"
"Bärenmarke Kondensmilch 12% Fett 170g","Bärenmarke","4045317052584","1.39","170g (1 kg = 8,18 €)","Kaffee, Tee & Kakao","False","https://img.rewe-static.de/8001375/17540750_digital-image.png"
"Teekanne Fruchtiger Apfel 60g, 20 Beutel","Teekanne","4009300005926","1.99","60g (1 kg = 33,17 €)","Kaffee, Tee & Kakao","False","https://img.rewe-static.de/3658945/677460_digital-image.png"
"Yogi Tea Bio Glücks Tee 34g 17 Beutel","Yogi Tea","4012824401464","2.75","34g (1 kg = 80,88 €)","Kaffee, Tee & Kakao","False","https://img.rewe-static.de/1383284/20285085_digital-image.png"
"Meßmer 6-Kräuter-Mischung 50g, 25 Beutel","Meßmer","4001257160000","2.35","50g (1 kg = 47 €)","Kaffee, Tee & Kakao","False","https://img.rewe-static.de/6817998/2573480_digital-image.png"
"Krüger Heißgetränk Zitrone 160g, 20 Beutel","Krüger","4052700202334","2.29","160g (1 kg = 14,31 €)","Kaffee, Tee & Kakao","False","https://img.rewe-static.de/2914622/25554640_digital-image.png"
"Jacobs Cappuccino Choco 500g","Jacobs","8711000524589","4.29","500g (1 kg = 8,58 €)","Kaffee, Tee & Kakao","False","https://img.rewe-static.de/6005640/21648563_digital-image.png"
"Teekanne Rooibos 35g, 20 Beutel","Teekanne","4009300005209","2.29","35g (1 kg = 65,43 €)","Kaffee, Tee & Kakao","False","https://img.rewe-static.de/2621924/3000120_digital-image.png"
"Teekanne Natürlicher Früchte-Genuss 60g, 20 Beutel","Teekanne","4009300005889","1.99","60g (1 kg = 33,17 €)","Kaffee, Tee & Kakao","False","https://img.rewe-static.de/3655768/716910_digital-image.png"
"Tassimo Kaffeekapseln Milka 240g, 8 Kapseln","Tassimo","8711000500583","5.79","240g (1 kg = 24,13 €)","Kaffee, Tee & Kakao","False","https://img.rewe-static.de/2233912/23213713_digital-image.png"
"Dallmayr Crema d'Oro ganze Bohnen 1kg","Dallmayr","4008167152729","16.99","1000g","Kaffee, Tee & Kakao","False","https://img.rewe-static.de/0689971/1374190_digital-image.png"
"Schwartau Coffee Shop Vanille Sirup 200ml","Schwartau","4011800330217","2.59","200ml (1 l = 12,95 €)","Kaffee, Tee & Kakao","False","https://img.rewe-static.de/1073006/14206720_digital-image.png"
"Cebe Cacao 250g","Cebe","4002309001517","3.79","250g (1 kg = 15,16 €)","Kaffee, Tee & Kakao","False","https://img.rewe-static.de/3211126/2082980_digital-image.png"
"Meßmer Kräutertee Fresh Mint 46g","Meßmer","4002221041752","2.35","46g (1 kg = 51,09 €)","Kaffee, Tee & Kakao","False","https://img.rewe-static.de/8626705/43892341_digital-image.png"
"Eduscho Filterkaffee klassisch 500g","Eduscho","4061445227007","5.99","500g (1 kg = 11,98 €)","Kaffee, Tee & Kakao","True","https://img.rewe-static.de/8784897/36622814_digital-image.png"
"Dallmayr Prodomo Crema ganze Bohne 1kg","Dallmayr","4008167055105","16.99","1000g","Kaffee, Tee & Kakao","False","https://img.rewe-static.de/8152115/28636433_digital-image.png"
"Meßmer Tee Winterpunsch 20 Stück","Meßmer","4002221041530","2.35","50g (1 kg = 47 €)","Kaffee, Tee & Kakao","False","https://img.rewe-static.de/7897862/34008672_digital-image.png"
"Melitta Auslese Medium mit 50% entkoffeiniertem Kaffee 500g","Melitta","4002720000304","6.99","500g (1 kg = 13,98 €)","Kaffee, Tee & Kakao","False","https://img.rewe-static.de/8342991/29729961_digital-image.png"
"Meßmer Erdbeere Orange 45g, 20 Beutel","Meßmer","4002221048225","1.49","45g (1 kg = 33,11 €)","Kaffee, Tee & Kakao","True","https://img.rewe-static.de/7676469/40130258_digital-image.png"
"Dallmayr Classic 500g","Dallmayr","4008167023609","5.49","500g (1 kg = 10,98 €)","Kaffee, Tee & Kakao","True","https://img.rewe-static.de/1271276/26519450_digital-image.png"
"REWE Bio Grüner Tee 30g","REWE Bio","4337256784443","0.95","30g (1 kg = 31,67 €)","Kaffee, Tee & Kakao","False","https://img.rewe-static.de/8109437/29743736_digital-image.png"
"Teekanne Marokkanische Minze 36g, 20 Beutel","Teekanne","4009300007401","2.29","36g (1 kg = 63,61 €)","Kaffee, Tee & Kakao","False","https://img.rewe-static.de/0186859/2200600_digital-image.png"
"REWE Bio Caffè Crema 219g, 30 Pads","REWE Bio","4388844020115","3.89","210g (1 kg = 18,52 €)","Kaffee, Tee & Kakao","False","https://img.rewe-static.de/0901435/7202350_digital-image.png"
"Meßmer Blaubeere 45g, 20 Beutel","Meßmer","4002221048201","1.49","45g (1 kg = 33,11 €)","Kaffee, Tee & Kakao","True","https://img.rewe-static.de/8944256/42904350_digital-image.png"
"Meßmer Pfefferminz 112g, 50 Beutel","Meßmer","4002221009943","3.99","112,50g (1 kg = 35,47 €)","Kaffee, Tee & Kakao","False","https://img.rewe-static.de/0682725/5251790_digital-image.png"
"Meßmer Feinster Darjeeling 44g, 25 Beutel","Meßmer","4001257218206","2.35","43,75g (1 kg = 53,71 €)","Kaffee, Tee & Kakao","False","https://img.rewe-static.de/9530746/9236360_digital-image.png"
"REWE Bio Schwarzer Tee 35g, 20 Beutel","REWE Bio","4337256784641","1.29","35g (1 kg = 36,86 €)","Kaffee, Tee & Kakao","False","https://img.rewe-static.de/7822905/36263714_digital-image.png"
"Meßmer Kräuter pur 50g, 25 Beutel","Meßmer","4002221011311","2.35","50g (1 kg = 47 €)","Kaffee, Tee & Kakao","False","https://img.rewe-static.de/0189784/2712040_digital-image.png"
"Meßmer Immunsystem Apfel-Zitrone-Ingwer 32g, 16 Beutel","Meßmer","4002221049130","1.49","32g (1 kg = 46,56 €)","Kaffee, Tee & Kakao","True","https://img.rewe-static.de/7647027/42700503_digital-image.png"
"Meßmer Apfel-Vanille 55g, 20 Beutel","Meßmer","4002221030015","1.49","55g (1 kg = 27,09 €)","Kaffee, Tee & Kakao","True","https://img.rewe-static.de/7036316/26649955_digital-image.png"
"Teekanne Ingwer Tee 36g 18 Beutel","Teekanne","4009300011774","1.99","36g (1 kg = 55,28 €)","Kaffee, Tee & Kakao","False","https://img.rewe-static.de/2181147/22768944_digital-image.png"
"Teekanne Wohltuende 8 Kräuter 40g, 20 Beutel","Teekanne","4009300005896","1.99","40g (1 kg = 49,75 €)","Kaffee, Tee & Kakao","False","https://img.rewe-static.de/3655849/17444410_digital-image.png"
"Meßmer Kräutertee Halswärmer 32g, 16 Beutel","Meßmer","4002221049192","1.49","32g (1 kg = 46,56 €)","Kaffee, Tee & Kakao","True","https://img.rewe-static.de/8987841/43405587_digital-image.png"
"REWE Bio Kakao 125g","REWE Bio","4337256845038","2.19","125g (1 kg = 17,52 €)","Kaffee, Tee & Kakao","False","https://img.rewe-static.de/8953870/39015238_digital-image.png"
"Teekane Bio Earl Grey 35g, 20 Beutel","Teekanne","4009300016861","1.99","35g (1 kg = 56,86 €)","Kaffee, Tee & Kakao","False","https://img.rewe-static.de/8328091/29777443_digital-image.png"
"Cupper Bio Tee Süßholz & Minze 30g, 20 Beutel","Cupper Tea","5021991939044","2.99","30g (1 kg = 99,67 €)","Kaffee, Tee & Kakao","False","https://img.rewe-static.de/2673858/39103231_digital-image.png"
"Yogi Tea Bio Tee Abend 30,6g 17 Beutel","Yogi Tea","4012824401211","2.75","30,60g (1 kg = 89,87 €)","Kaffee, Tee & Kakao","False","https://img.rewe-static.de/1383276/23249688_digital-image.png"
"Meßmer Gute Nacht Melatonin Lavendel-Kamille 32g, 16 Beutel","Meßmer","4002221049154","1.49","32g (1 kg = 46,56 €)","Kaffee, Tee & Kakao","True","https://img.rewe-static.de/8984312/41744183_digital-image.png"
"Meßmer Früchte-Mischung 75g, 25 Beutel","Meßmer","4001257156003","2.35","75g (1 kg = 31,33 €)","Kaffee, Tee & Kakao","False","https://img.rewe-static.de/6818218/3037690_digital-image.png"
"Lavazza Qualita Rossa 1kg","Lavazza","8000070035898","13.99","1000g","Kaffee, Tee & Kakao","True","https://img.rewe-static.de/1275305/18577200_digital-image.png"
"Meßmer Aprikose-Pfirsich 55g, 20 Beutel","Meßmer","4002221030077","1.49","55g (1 kg = 27,09 €)","Kaffee, Tee & Kakao","True","https://img.rewe-static.de/7036731/28273183_digital-image.png"
"Meßmer Grüner Tee Zitrone 44g, 25 Beutel","Meßmer","4001257283501","2.69","43,75g (1 kg = 61,49 €)","Kaffee, Tee & Kakao","False","https://img.rewe-static.de/1453890/3802770_digital-image.png"
"Meßmer Grüner Tee Orange-Ingwer 44g, 25 Beutel","Meßmer","4002221015128","2.69","43,75g (1 kg = 61,49 €)","Kaffee, Tee & Kakao","False","https://img.rewe-static.de/0537397/35156762_digital-image.png"
"REWE Bio Espresso ganze Bohnen 1000g","REWE Bio","4337256449168","11.75","1000g","Kaffee, Tee & Kakao","False","https://img.rewe-static.de/8764704/36758572_digital-image.png"
"Bärenmarke Die Ergiebige Kondensmilch 340g","Bärenmarke","4045317050290","1.55","340g (1 kg = 4,56 €)","Kaffee, Tee & Kakao","False","https://img.rewe-static.de/0390216/3632480_digital-image.png"
"Tchibo Aromatico Intenso Ganze Bohne 1000g","Tchibo","4061445303626","11.99","1000g","Kaffee, Tee & Kakao","True","https://img.rewe-static.de/9951017/46559354_digital-image.png"
"Nestlé Caro Landkaffee lösliches Pulver 200g","Nestlé","7613034831712","3.29","200g (1 kg = 16,45 €)","Kaffee, Tee & Kakao","False","https://img.rewe-static.de/2269380/27554438_digital-image.png"
"Teekanne Bio Kräutertee Magenfein 36g, 18 Beutel","Teekanne","4009300020769","2.89","36g (1 kg = 80,28 €)","Kaffee, Tee & Kakao","False","https://img.rewe-static.de/9965056/45532275_digital-image.png"
"REWE Feine Welt Bio Incahuasi-Espresso ganze Bohne 1kg","REWE Feine Welt","4388844088955","14.99","1000g","Kaffee, Tee & Kakao","False","https://img.rewe-static.de/1006333/9725600_digital-image.png"
"Meßmer Rooibos 40g, 20 Beutel","Meßmer","4002221007130","2.49","40g (1 kg = 62,25 €)","Kaffee, Tee & Kakao","False","https://img.rewe-static.de/0372889/22453621_digital-image.png"
"Bärenmarke Der Extra Leichte Traum 3 Kondensmilch 170g","Bärenmarke","4045317052577","1.19","170g (1 kg = 7 €)","Kaffee, Tee & Kakao","False","https://img.rewe-static.de/0282740/2445760_digital-image.png"
"Dallmayr Capsa Espresso Decaffeinato 56g, 10 Kapseln","Dallmayr","4008167010807","3.49","56g (1 kg = 62,32 €)","Kaffee, Tee & Kakao","False","https://img.rewe-static.de/2447648/26233208_digital-image.png"
"Yogi Tea Bio Tee Frauen Power 30,6g 17 Beutel","Yogi Tea","4012824401648","2.75","30,60g (1 kg = 89,87 €)","Kaffee, Tee & Kakao","False","https://img.rewe-static.de/1383288/22610860_digital-image.png"
"REWE Bio Café Crema Gustoso ganze Bohnen 1000g","REWE Bio","4337256546379","11.75","1000g","Kaffee, Tee & Kakao","False","https://img.rewe-static.de/7677900/37989555_digital-image.png"
"Krüger Cappuccino fein & cremig 350g","Krüger","4052700085715","4.59","350g (1 kg = 13,11 €)","Kaffee, Tee & Kakao","False","https://img.rewe-static.de/1204743/12249610_digital-image.png"
"Nescafé Gold Crema löslicher Kaffee 200g","Nescafé","7613036347310","9.99","200g (1 kg = 49,95 €)","Kaffee, Tee & Kakao","False","https://img.rewe-static.de/7203696/27584296_digital-image.png"
"Cupper Bio Tee Wonderful Morning 35g, 20 Beutel","Cupper Tea","5021991940231","2.99","35g (1 kg = 85,43 €)","Kaffee, Tee & Kakao","False","https://img.rewe-static.de/2609676/39103277_digital-image.png"
"Dallmayr Entkoffeiniert 500g","Dallmayr","4008167113713","7.99","500g (1 kg = 15,98 €)","Kaffee, Tee & Kakao","False","https://img.rewe-static.de/4047834/3079000_digital-image.png"
"Teekanne Wohltuender Salbei 30g, 20 Beutel","Teekanne","4009300007524","1.99","30g (1 kg = 66,33 €)","Kaffee, Tee & Kakao","False","https://img.rewe-static.de/0401700/9525500_digital-image.png"
"Krüger Family White Cappuccino 500g","Krüger","4052700069746","4.49","500g (1 kg = 8,98 €)","Kaffee, Tee & Kakao","False","https://img.rewe-static.de/0435872/4784480_digital-image.png"
"Lavazza Caffè Crema Decaffeinato 500g","Lavazza","8000070027442","9.49","500g (1 kg = 18,98 €)","Kaffee, Tee & Kakao","False","https://img.rewe-static.de/0073112/20222846_digital-image.png"
"Lavazza Espresso Barista Intenso 1kg","Lavazza","8000070038370","13.99","1000g","Kaffee, Tee & Kakao","True","https://img.rewe-static.de/8408707/31209859_digital-image.png"
"Nescafé Gold Entkoffeiniert Löslicher Kaffee 200g","Nescafé","7613036303910","9.99","200g (1 kg = 49,95 €)","Kaffee, Tee & Kakao","False","https://img.rewe-static.de/7203146/27584319_digital-image.png"
"Café Intención Bio Crema Aromatico 1kg","Intención","4006581020686","19.99","1000g","Kaffee, Tee & Kakao","False","https://img.rewe-static.de/0810688/10836440_digital-image.png"
"Meßmer Krätuertee Magenliebe 40g, 20 Beutel","Meßmer","4002221048560","1.49","40g (1 kg = 37,25 €)","Kaffee, Tee & Kakao","True","https://img.rewe-static.de/8985789/41172219_digital-image.png"
"Lavazza Caffè Crema Gustoso 1kg","Lavazza","8000070027701","17.99","1000g","Kaffee, Tee & Kakao","False","https://img.rewe-static.de/0457633/15500780_digital-image.png"
"Dallmayr Prodomo ganze Bohnen 500g","Dallmayr","4008167103219","7.99","500g (1 kg = 15,98 €)","Kaffee, Tee & Kakao","False","https://img.rewe-static.de/7527128/2928890_digital-image.png"
"Nescafé Gold Typ Cappuccino Cremig Zart 250g","Nescafé","7613032569532","4.99","250g (1 kg = 19,96 €)","Kaffee, Tee & Kakao","False","https://img.rewe-static.de/0925849/7488000_digital-image.png"
"REWE Feine Welt Bio Grüntee Japanischer Matcha 30g","REWE Feine Welt","4337256798778","9.99","30g (1 kg = 333 €)","Kaffee, Tee & Kakao","False","https://img.rewe-static.de/9061826/43352812_digital-image.png"
"Teekanne Grüner Tee 35g, 20 Beutel","Teekanne","4009300003403","2.29","35g (1 kg = 65,43 €)","Kaffee, Tee & Kakao","False","https://img.rewe-static.de/0342950/9554320_digital-image.png"
"REWE Beste Wahl Colombia 100g, 20 Aluminiumkapseln","REWE Beste Wahl","4337256665674","3.99","100g (1 kg = 39,90 €)","Kaffee, Tee & Kakao","False","https://img.rewe-static.de/7666493/39930473_digital-image.png"
"Tchibo Barista Café Crema 1kg","Tchibo","4046234815948","14.99","1000g","Kaffee, Tee & Kakao","True","https://img.rewe-static.de/2765731/25109265_digital-image.png"
"illy Classico Espresso gemahlen 250g","Illy","8003753900438","8.79","250g (1 kg = 35,16 €)","Kaffee, Tee & Kakao","False","https://img.rewe-static.de/0572128/2703610_digital-image.png"
"Melitta Filtertüten 102 naturbraun Aroma 80 Stück","Melitta","4006508206926","2.49","80 Stück","Kaffee, Tee & Kakao","False","https://img.rewe-static.de/1422376/20345823_digital-image.png"
"Monin Sirup Vanille 0,25l","Monin","3052911607059","3.99","0,25l (1 l = 15,96 €)","Kaffee, Tee & Kakao","False","https://img.rewe-static.de/8898243/6011150_digital-image.png"
"Teekanne Bio Kamille Tee 27g, 18 Beutel","Teekanne","4009300014973","2.29","27g (1 kg = 84,81 €)","Kaffee, Tee & Kakao","False","https://img.rewe-static.de/7288056/29387226_digital-image.png"
"Senseo Kaffeepads Strong 111g, 16 Pads","Senseo","8711000452509","3.29","111g (1 kg = 29,64 €)","Kaffee, Tee & Kakao","False","https://img.rewe-static.de/1056377/23993863_digital-image.png"
"Teekanne Bio Kräutertee Innere Ruhe 18 Teebeutel","Teekanne","4009300020776","2.89","36g (1 kg = 80,28 €)","Kaffee, Tee & Kakao","False","https://img.rewe-static.de/9963879/45532276_digital-image.png"
"REWE Feine Welt Bio Früchtetee Italienische Limone 30g, 15 Beutel","REWE Feine Welt","4337256674065","1.99","30g (1 kg = 66,33 €)","Kaffee, Tee & Kakao","False","https://img.rewe-static.de/8963051/40635945_digital-image.png"
"Meßmer Kräutertee Energie 40g 20Beutel","Meßmer","4002221048447","1.49","40g (1 kg = 37,25 €)","Kaffee, Tee & Kakao","True","https://img.rewe-static.de/7647543/41172309_digital-image.png"
"Jacobs Kaffeekapseln Espresso 10 Intenso, 20 Nespresso kompatible Kapseln","Jacobs","8711000371190","4.99","104g (1 kg = 47,98 €)","Kaffee, Tee & Kakao","False","https://img.rewe-static.de/7046649/30050669_digital-image.png"
"REWE Feine Welt Bio Kräutertee Brasilianische Mate 30g, 15 Beutel","REWE Feine Welt","4337256673433","1.99","30g (1 kg = 66,33 €)","Kaffee, Tee & Kakao","False","https://img.rewe-static.de/9049170/40635949_digital-image.png"
"Café Intención Bio Kaffeepads 252g, 36 Pads","Intención","4006581020631","5.59","252g (1 kg = 22,18 €)","Kaffee, Tee & Kakao","False","https://img.rewe-static.de/0353569/5205800_digital-image.png"
"Senseo Kaffeepads Decaf Entkoffeiniert 111g, 16 Pads","Senseo","8711000452653","3.29","111g (1 kg = 29,64 €)","Kaffee, Tee & Kakao","False","https://img.rewe-static.de/1056378/23993867_digital-image.png"
"Jacobs Instant Kaffee Espresso 100g","Jacobs","8711000509159","6.29","100g (1 kg = 62,90 €)","Kaffee, Tee & Kakao","False","https://img.rewe-static.de/5108977/2331130_digital-image.png"
"Meßmer Feinster Earl Grey 150g","Meßmer","4002221011380","4.89","150g (1 kg = 32,60 €)","Kaffee, Tee & Kakao","False","https://img.rewe-static.de/0185757/7478740_digital-image.png"
"Lavazza Espresso Lungo 10 Kapseln 56g","Lavazza","8000070053571","3.69","56g (1 kg = 65,89 €)","Kaffee, Tee & Kakao","False","https://img.rewe-static.de/8750972/35732299_digital-image.png"
"Meßmer Entspannungstee Melisse & Rosenblütenöl 40g","Meßmer","4002221048546","1.49","40g (1 kg = 37,25 €)","Kaffee, Tee & Kakao","True","https://img.rewe-static.de/8984985/41172409_digital-image.png"
"Lavazza Espresso Classico 10 Kapseln 57g","Lavazza","8000070053625","3.69","57g (1 kg = 64,74 €)","Kaffee, Tee & Kakao","False","https://img.rewe-static.de/8810470/35732285_digital-image.png"
"Teekanne New York Chai 35g, 20 Beutel","Teekanne","4009300011958","2.29","35g (1 kg = 65,43 €)","Kaffee, Tee & Kakao","False","https://img.rewe-static.de/2219848/23292554_digital-image.png"
"Teekanne Strawberry Cheesecake 40,5g, 18 Beutel","Teekanne","4009300013792","2.29","40,50g (1 kg = 56,54 €)","Kaffee, Tee & Kakao","False","https://img.rewe-static.de/2746164/25155207_digital-image.png"
"Nescafé Gold Typ Espresso 100g","Nescafé","7613036600996","7.29","100g (1 kg = 72,90 €)","Kaffee, Tee & Kakao","False","https://img.rewe-static.de/7294148/28234136_digital-image.png"
"REWE Beste Wahl Brasil 100g 20 Kapseln","REWE Beste Wahl","4337256663588","3.99","100g (1 kg = 39,90 €)","Kaffee, Tee & Kakao","False","https://img.rewe-static.de/8953891/39947739_digital-image.png"
"Tchibo Barista Espresso 1kg","Tchibo","4046234815979","14.99","1000g","Kaffee, Tee & Kakao","True","https://img.rewe-static.de/2765805/25109266_digital-image.png"
"Dallmayr Capsa Decaffeinato Lungo 56g, 10 Kapseln","Dallmayr","4008167012801","3.49","56g (1 kg = 62,32 €)","Kaffee, Tee & Kakao","False","https://img.rewe-static.de/8616143/35219176_digital-image.png"
"Meßmer Klassik entkoffeiniert 44g, 25 Beutel","Meßmer","4001257001723","2.35","43,75g (1 kg = 53,71 €)","Kaffee, Tee & Kakao","False","https://img.rewe-static.de/2509423/2898760_digital-image.png"
"Meßmer Früchtetee Schöne Haut Vitamin C & Kollagen Himbeere-Aloe Vera 40g, 16 Beutel","Meßmer","4002221051270","1.49","40g (1 kg = 37,25 €)","Kaffee, Tee & Kakao","True","https://img.rewe-static.de/7583229/45538709_digital-image.png"
"Meßmer Madame Grey 44g, 25 Beutel","Meßmer","4002221023871","2.35","43,75g (1 kg = 53,71 €)","Kaffee, Tee & Kakao","False","https://img.rewe-static.de/1973059/22421839_digital-image.png"
"Tchibo Caffè Crema Big Pack 252g, 36 Pads","Tchibo","4061445284215","5.99","252g (1 kg = 23,77 €)","Kaffee, Tee & Kakao","False","https://img.rewe-static.de/9017570/40797382_digital-image.png"
"Meßmer Marokkanische Minze-Honig 40g, 20 Beutel","Meßmer","4002221037960","2.49","40g (1 kg = 62,25 €)","Kaffee, Tee & Kakao","False","https://img.rewe-static.de/8005984/31210581_digital-image.png"
"Nescafé 3-in-1 165g","Nescafé","7613036900072","2.19","165g (1 kg = 13,27 €)","Kaffee, Tee & Kakao","False","https://img.rewe-static.de/8328805/29589007_digital-image.png"
"Jacobs Krönung Balance 500g","Jacobs","8711000708712","7.99","500g (1 kg = 15,98 €)","Kaffee, Tee & Kakao","False","https://img.rewe-static.de/9047397/42876223_digital-image.png"
"Meßmer Wintertraum Zimtstern-Orange 40g, 20 Beutel","Meßmer","4002221030350","2.35","40g (1 kg = 58,75 €)","Kaffee, Tee & Kakao","False","https://img.rewe-static.de/7037101/26801422_digital-image.png"
"Meßmer Bio Alpenkräuter 40g, 20 Beutel","Meßmer","4002221035140","3.79","40g (1 kg = 94,75 €)","Kaffee, Tee & Kakao","False","https://img.rewe-static.de/8306882/30247156_digital-image.png"
"Meßmer Ingwer Tee 40g, 20 Beutel","Meßmer","4002221030299","1.49","40g (1 kg = 37,25 €)","Kaffee, Tee & Kakao","True","https://img.rewe-static.de/7043408/27057994_digital-image.png"
"Nescafé Typ Cappuccino weniger süß 220g","Nescafé","8445290603708","4.99","220g (1 kg = 22,68 €)","Kaffee, Tee & Kakao","False","https://img.rewe-static.de/9097364/44037019_digital-image.png"
"Meßmer Himbeere-Waldmeister 50g, 20 Beutel","Meßmer","4002221030176","1.49","50g (1 kg = 29,80 €)","Kaffee, Tee & Kakao","True","https://img.rewe-static.de/7036768/30499634_digital-image.png"
"Meßmer Wintermagie Spekulatius Geschmack 20 Beutel, 45g","Meßmer","4002221048294","2.35","45g (1 kg = 52,22 €)","Kaffee, Tee & Kakao","False","https://img.rewe-static.de/7676978/41086283_digital-image.png"
"Melitta BellaCrema La Crema Kaffeepads 16 Pads","Melitta","4002720001639","2.29","107g (1 kg = 21,40 €)","Kaffee, Tee & Kakao","False","https://img.rewe-static.de/1156213/31021633_digital-image.png"
"J.J. Darboven Idee Kaffee Classic 500g","J.J. Darboven","4006581071466","7.49","500g (1 kg = 14,98 €)","Kaffee, Tee & Kakao","False","https://img.rewe-static.de/0123420/6965650_digital-image.png"
"Dallmayr Classic Kräftig 500g","Dallmayr","4008167023906","5.49","500g (1 kg = 10,98 €)","Kaffee, Tee & Kakao","True","https://img.rewe-static.de/8338322/29721334_digital-image.png"
"Jacobs Guten Morgen XL Intense 114g, 20 Kapseln","Jacobs","8711000485798","4.99","114g (1 kg = 43,77 €)","Kaffee, Tee & Kakao","False","https://img.rewe-static.de/8681320/34735013_digital-image.png"
"Meßmer Kräutertee Hormon Balance Vitamin B6 & Selen Melisse-Rotklee 32g, 16 Beutel","Meßmer","4002221051256","1.49","32g (1 kg = 46,56 €)","Kaffee, Tee & Kakao","True","https://img.rewe-static.de/7583479/45538661_digital-image.png"
"Tchibo Cafissimo Caffè Crema vollmundig 30 Kapseln","Tchibo","4046234921076","9.99","228g (1 kg = 43,82 €)","Kaffee, Tee & Kakao","False","https://img.rewe-static.de/7178457/27907280_digital-image.png"
"Monin Sirup Caramel 0,25l","Monin","3052911607004","3.99","250ml (1 l = 15,96 €)","Kaffee, Tee & Kakao","False","https://img.rewe-static.de//0170727/32029572_digital-image.png"
"Melitta BellaCrema Intenso Kaffeepads 16 Pads","Melitta","4002720001615","2.29","107g (1 kg = 21,40 €)","Kaffee, Tee & Kakao","False","https://img.rewe-static.de/1156214/31089203_digital-image.png"
"Tchibo Herzhaft mild 2x250g","Tchibo","4006067945083","6.99","2x250g (1 kg = 13,98 €)","Kaffee, Tee & Kakao","False","https://img.rewe-static.de/0807675/20640043_digital-image.png"
"Teekanne Herzkirsche 45g, 20 Beutel","Teekanne","4009300019404","2.29","45g (1 kg = 50,89 €)","Kaffee, Tee & Kakao","False","https://img.rewe-static.de/8946355/42904356_digital-image.png"
"Messmer Miami Vibes Himbeere & Lemon 50g, 20 Beutel","Meßmer","4002221040069","2.49","50g (1 kg = 49,80 €)","Kaffee, Tee & Kakao","False","https://img.rewe-static.de/8493541/32389364_digital-image.png"
"Meßmer Matcha Spirit Grüner Tee mit Matcha 30g, 20 Beutel","Meßmer","4002221048584","1.49","30g (1 kg = 49,67 €)","Kaffee, Tee & Kakao","True","https://img.rewe-static.de/8984291/44019520_digital-image.png"
"Nescafé Dolce Gusto Espresso 88g, 16 Kapseln","Nescafé","7613037929485","5.49","88g (1 kg = 62,39 €)","Kaffee, Tee & Kakao","False","https://img.rewe-static.de/8391925/30826630_digital-image.png"
"Nescafé Dolce Gusto Grande Intenso 132,8g, 16 Kapseln","Nescafé","8445290448682","5.49","132,80g (1 kg = 41,34 €)","Kaffee, Tee & Kakao","False","https://img.rewe-static.de/7710973/39641154_digital-image.png"
"Nescafé Gold Bio Kaffee 100g","Nescafé","7613036914321","6.29","100g (1 kg = 62,90 €)","Kaffee, Tee & Kakao","False","https://img.rewe-static.de/8088077/34885809_digital-image.png"
"Meßmer Feinster Ostfriesen-Tee 37g, 25 Beutel","Meßmer","4002221007482","2.35","37,50g (1 kg = 62,67 €)","Kaffee, Tee & Kakao","False","https://img.rewe-static.de/3399117/749490_digital-image.png"
"Meßmer Powerfrau 20 Beutel","Meßmer","4002221048508","1.49","40g (1 kg = 37,25 €)","Kaffee, Tee & Kakao","True","https://img.rewe-static.de/8987117/44491255_digital-image.png"
"Meßmer Fantasie der Feen Himbeere-Vanille 18 Stück","Meßmer","4002221038141","2.39","40,50g (1 kg = 59,01 €)","Kaffee, Tee & Kakao","False","https://img.rewe-static.de/8005198/31387837_digital-image.png"
"Teekanne Erfrischende Minze 113g, 50 Beutel","Teekanne","4009300001140","3.39","113g (1 kg = 30 €)","Kaffee, Tee & Kakao","False","https://img.rewe-static.de/4288017/24943262_digital-image.png"
"Jacobs Krönung Kaffee kräftig 500g","Jacobs","8711000708743","7.99","500g (1 kg = 15,98 €)","Kaffee, Tee & Kakao","False","https://img.rewe-static.de/7607604/42877480_digital-image.png"
"Meßmer Feinster Grüner Tee 150g","Meßmer","4002221011403","4.89","150g (1 kg = 32,60 €)","Kaffee, Tee & Kakao","False","https://img.rewe-static.de/0189794/893180_digital-image.png"
"Jacobs löslicher Kaffee Krönung Instant Kaffee 100g","Jacobs","4000508050008","6.29","100g (1 kg = 62,90 €)","Kaffee, Tee & Kakao","False","https://img.rewe-static.de/6410995/6950130_digital-image.png"
"Melitta Filtertüten 1x4 Gourmet naturbraun Plus 80 Stück","Melitta","4006508206834","2.99","80 Stück","Kaffee, Tee & Kakao","False","https://img.rewe-static.de/1395761/20210245_digital-image.png"
"Nescafé Dolce Gusto Chococino 256g, 16 Kapseln","Nescafé","7613035690660","5.49","256g (1 kg = 21,45 €)","Kaffee, Tee & Kakao","False","https://img.rewe-static.de/7066657/27405570_digital-image.png"
"Teekane Bio Darjeeling 35g, 20 Beutel","Teekanne","4009300016854","1.99","35g (1 kg = 56,86 €)","Kaffee, Tee & Kakao","False","https://img.rewe-static.de/8064289/29834993_digital-image.png"
"Teekanne Bio Fenchel Anis-Kümmel 45g, 18 Beutel","Teekanne","4009300014966","2.29","45g (1 kg = 50,89 €)","Kaffee, Tee & Kakao","False","https://img.rewe-static.de/7290503/29387112_digital-image.png"
"Nescafé Gold Typ Cappuccino Cremig Zart 140g","Nescafé","5011546460444","3.79","140g (1 kg = 27,07 €)","Kaffee, Tee & Kakao","False","https://img.rewe-static.de/2777800/26738341_digital-image.png"
"Senseo Kaffeepads Extra Strong 111g, 16 Pads","Senseo","8711000452530","3.29","111g (1 kg = 29,64 €)","Kaffee, Tee & Kakao","False","https://img.rewe-static.de/1233336/23993940_digital-image.png"
"Tassimo Kaffeekapseln Jacobs Caffè Crema intenso 144g, 16 Kapseln","Tassimo","8711000504833","5.79","144g (1 kg = 40,21 €)","Kaffee, Tee & Kakao","False","https://img.rewe-static.de/2452034/24759065_digital-image.png"
"Senseo Caffè Crema 111g, 16 Pads","Senseo","8711000452745","3.29","111g (1 kg = 29,64 €)","Kaffee, Tee & Kakao","False","https://img.rewe-static.de/8289335/29084441_digital-image.png"
"Melitta BellaCrema Decaffeinato 1kg","Melitta","4002720008027","13.99","1000g","Kaffee, Tee & Kakao","False","https://img.rewe-static.de/8876092/40870963_digital-image.png"
"Meßmer Südafrikanischer Rooibos mit Vanille 35g, 20 Beutel","Meßmer","4002221038103","2.49","35g (1 kg = 71,14 €)","Kaffee, Tee & Kakao","False","https://img.rewe-static.de/8428393/31210530_digital-image.png"
"Meßmer Ägyptischer Granatapfel 50g, 20 Beutel","Meßmer","4002221037984","2.49","50g (1 kg = 49,80 €)","Kaffee, Tee & Kakao","False","https://img.rewe-static.de/8426825/31131983_digital-image.png"
"Jacobs Krönung Signature entkoffeiniert 500g","Jacobs","8711000708774","7.99","500g (1 kg = 15,98 €)","Kaffee, Tee & Kakao","False","https://img.rewe-static.de/9047809/42877482_digital-image.png"
"Senseo Kaffeepads Espresso 111g, 16 Pads","Senseo","8711000452776","3.29","111g (1 kg = 29,64 €)","Kaffee, Tee & Kakao","False","https://img.rewe-static.de/8087961/29084443_digital-image.png"
"Jacobs Cappuccino 400g","Jacobs","8711000525159","4.59","400g (1 kg = 11,48 €)","Kaffee, Tee & Kakao","False","https://img.rewe-static.de/2242971/22870451_digital-image.png"
"Lavazza Caffè Decaffeinato 250g","Lavazza","8000070011878","5.49","250g (1 kg = 21,96 €)","Kaffee, Tee & Kakao","False","https://img.rewe-static.de/7903942/33071752_digital-image.png"
"Meßmer Minze-Zitrone 34,5g, 23 Beutel","Meßmer","4002221041776","2.35","34,50g (1 kg = 68,12 €)","Kaffee, Tee & Kakao","False","https://img.rewe-static.de/8727903/40706539_digital-image.png"
"Café Intención Bio Espresso gemahlen 250g","Intención","4006581082608","5.49","250g (1 kg = 21,96 €)","Kaffee, Tee & Kakao","False","https://img.rewe-static.de/8174711/30277074_digital-image.png"
"Jacobs Cappuccino Kaffeespezialitäten im Nachfüllbeutel 400g","Jacobs","8711000524701","4.29","400g (1 kg = 10,73 €)","Kaffee, Tee & Kakao","False","https://img.rewe-static.de/9631267/21648698_digital-image.png"
"Krüger Heißgetränk Salbei-Honig 144g, 18 Beutel","Krüger","4052700202341","2.29","144g (1 kg = 15,90 €)","Kaffee, Tee & Kakao","False","https://img.rewe-static.de/2914625/25554641_digital-image.png"
"Meßmer Früchtetee Brasilianische Mango 45g, 20 Beutel","Meßmer","4002221051294","2.49","45g (1 kg = 55,33 €)","Kaffee, Tee & Kakao","False","https://img.rewe-static.de/9200350/45248259_digital-image.png"
"Schlagfix Kaffeeweißer vegan 10x10g","Schlagfix","4260024180102","0.65","10x10g","Kaffee, Tee & Kakao","False","https://img.rewe-static.de/2708410/43100685_digital-image.png"
"Café Hag Instant Kaffee klassisch mild 100g","Hag","8711000509005","6.29","100g (1 kg = 62,90 €)","Kaffee, Tee & Kakao","False","https://img.rewe-static.de/2179302/22647452_digital-image.png"
"Tchibo Sanfter Moment Sana sanft-aromatisch 2x250g","Tchibo","4061445188124","7.99","500g (1 kg = 15,98 €)","Kaffee, Tee & Kakao","False","https://img.rewe-static.de/7911518/32659498_digital-image.png"
"Melitta Montana Premium Filterkaffee gemahlen 500g","Melitta","4002720002391","6.99","500g (1 kg = 13,98 €)","Kaffee, Tee & Kakao","False","https://img.rewe-static.de/4491793/5484270_digital-image.png"
"Meßmer Rooibostee Gebrannte Mandeln 20 Beutel 40g","Meßmer","4002221041554","2.35","40g (1 kg = 58,75 €)","Kaffee, Tee & Kakao","False","https://img.rewe-static.de/7899568/34008755_digital-image.png"
"Monin Sirup Haselnuss 0,25l","Monin","3052911606700","3.99","0,25l (1 l = 15,96 €)","Kaffee, Tee & Kakao","False","https://img.rewe-static.de/8898200/22583793_digital-image.png"
"Nescafe 2in1 Kaffee & Creamer 80g","Nescafé","7613036960298","2.19","80g (1 kg = 27,38 €)","Kaffee, Tee & Kakao","False","https://img.rewe-static.de/8064609/29589002_digital-image.png"
"Nescafé Gold Original löslicher Kaffee 100g","Nescafé","7613036310116","5.99","100g (1 kg = 59,90 €)","Kaffee, Tee & Kakao","False","https://img.rewe-static.de/7213716/27662601_digital-image.png"
"Tchibo Privatkaffee African Blue 2x250g","Tchibo","4006067006142","9.99","2x250g (1 kg = 19,98 €)","Kaffee, Tee & Kakao","False","https://img.rewe-static.de/8025770/1852440_digital-image.png"
"Bärenmarke Die Leichte Kaffee-Milch 4% Fett 340g","Bärenmarke","4045317050283","1.39","340g (1 kg = 4,09 €)","Kaffee, Tee & Kakao","False","https://img.rewe-static.de/0389862/2877970_digital-image.png"
"Teekanne Nero 30g, 20 Beutel","Teekanne","4009300009870","1.99","30g (1 kg = 66,33 €)","Kaffee, Tee & Kakao","False","https://img.rewe-static.de/1298912/21844157_digital-image.png"
"Jacobs Cappuccino Choco Nuss, Kaffeespezialitäten im Nachfüllbeutel 500g","Jacobs","8711000524619","4.29","500g (1 kg = 8,58 €)","Kaffee, Tee & Kakao","False","https://img.rewe-static.de/7923694/2889170_digital-image.png"
"Meßmer Bio Orange Ingwer 55g, 20 Beutel","Meßmer","4002221035065","3.79","55g (1 kg = 68,91 €)","Kaffee, Tee & Kakao","False","https://img.rewe-static.de/8077476/29665487_digital-image.png"
"Jacobs Krönung signature mild 500g","Jacobs","8711000708682","7.99","500g (1 kg = 15,98 €)","Kaffee, Tee & Kakao","False","https://img.rewe-static.de/9048894/42877465_digital-image.png"
"Nescafé Farmers Origins Andes Lungo mild 44g, 10 Kapseln","Nescafé","8445291109070","2.99","44g (1 kg = 67,95 €)","Kaffee, Tee & Kakao","False","https://img.rewe-static.de/9084451/43160194_digital-image.png"
"Tchibo African Blue 500g","Tchibo","4006067081101","9.99","500g (1 kg = 19,98 €)","Kaffee, Tee & Kakao","False","https://img.rewe-static.de/7539282/7113100_digital-image.png"
"Tchibo Kaffeeleidenschaft Bio Äthiopien gemahlen 250g","Tchibo","4061445256878","5.99","250g (1 kg = 23,96 €)","Kaffee, Tee & Kakao","False","https://img.rewe-static.de/8801728/42892161_digital-image.png"
"Tchibo Privat Kaffee Latin Grande 2x250g","Tchibo","4006067006005","9.99","2x250g (1 kg = 19,98 €)","Kaffee, Tee & Kakao","False","https://img.rewe-static.de/8025894/2726920_digital-image.png"
"Meßmer Feinster Darjeeling 150g","Meßmer","4002221011342","5.29","150g (1 kg = 35,27 €)","Kaffee, Tee & Kakao","False","https://img.rewe-static.de/0182616/3667190_digital-image.png"
"Nescafé Dolce Gusto Cappucino ungesüßt 8 Kapseln","Nescafé","7613032802035","5.49","161,60g (1 kg = 33,97 €)","Kaffee, Tee & Kakao","False","https://img.rewe-static.de/8779825/37459400_digital-image.png"
"Tchibo Cafissimo Caffè Crema mild 70g","Tchibo","4046234645118","3.49","70g (1 kg = 49,86 €)","Kaffee, Tee & Kakao","False","https://img.rewe-static.de/1383947/20856325_digital-image.png"
"Turm Oldenburger Kaffeesahne 10% Fett 3x100g","Turm","40273907","1.49","3x100g (1 kg = 4,97 €)","Kaffee, Tee & Kakao","False","https://img.rewe-static.de/8029462/30436173_digital-image.png"
"Bärenmarke Die Leichte 4 Kondensmilch 3x170g","Bärenmarke","4045317050221","2.19","3x170g (1 kg = 4,29 €)","Kaffee, Tee & Kakao","False","https://img.rewe-static.de/0101575/2273730_digital-image.png"
"Krüger Family Cappucciono Sahne-Karamel 500g","Krüger","4052700023502","4.49","500g (1 kg = 8,98 €)","Kaffee, Tee & Kakao","False","https://img.rewe-static.de/8975276/43694133_digital-image.png"
"Meßmer Früchtetee Herzerwärmer Heiße Cranberry 45g, 20 Beutel","Meßmer","4002221048270","2.35","45g (1 kg = 52,22 €)","Kaffee, Tee & Kakao","False","https://img.rewe-static.de/8942674/45351351_digital-image.png"
"Tchibo Cafissimo Kaffee kräftig 75g","Tchibo","4046234947571","3.49","75g (1 kg = 46,53 €)","Kaffee, Tee & Kakao","False","https://img.rewe-static.de/7285501/31505132_digital-image.png"
"Teekanne Bio Kräutertee träum schön 30,6g, 18 Beutel","Teekanne","4009300020820","2.89","30,60g (1 kg = 94,44 €)","Kaffee, Tee & Kakao","False","https://img.rewe-static.de/9965032/45793319_digital-image.png"
"Nescafé Typ Latte 230g","Nescafé","8445290603876","4.99","230g (1 kg = 21,70 €)","Kaffee, Tee & Kakao","False","https://img.rewe-static.de/9101798/43598611_digital-image.png"
"Nescafé Classic löslicher Bohnenkaffee 100g","Nescafé","4005500005834","5.29","100g (1 kg = 52,90 €)","Kaffee, Tee & Kakao","False","https://img.rewe-static.de/4625978/24670954_digital-image.png"
"Tchibo Cafissimo Espresso elegant 70g","Tchibo","4046234645170","3.49","70g (1 kg = 49,86 €)","Kaffee, Tee & Kakao","False","https://img.rewe-static.de/1383944/20942737_digital-image.png"
"Tchibo Privatkaffee Guatemala Grande 500g","Tchibo","4006067081088","9.99","500g (1 kg = 19,98 €)","Kaffee, Tee & Kakao","False","https://img.rewe-static.de/7539100/7477780_digital-image.png"
"Jacobs Brazil Crema Kaffee 1kg","Jacobs","8711000685761","15.99","1000g","Kaffee, Tee & Kakao","False","https://img.rewe-static.de/7579753/43749437_digital-image.png"
"Melitta Filtertüten 101 naturbraun 40 Stück","Melitta","4006508125999","1.99","40 Stück","Kaffee, Tee & Kakao","False","https://img.rewe-static.de/5417341/7472560_digital-image.png"
"Tchibo Privatkaffee Brazil mild 500g","Tchibo","4006067081064","9.99","500g (1 kg = 19,98 €)","Kaffee, Tee & Kakao","False","https://img.rewe-static.de/7538987/2367560_digital-image.png"
"Jacobs Choco Cappuccino Stick Milka 126,4g","Jacobs","8711000454145","2.69","126,40g (1 kg = 21,28 €)","Kaffee, Tee & Kakao","False","https://img.rewe-static.de/8769777/43524359_digital-image.png"
"Lavazza Crema E Gusto Classico 1kg","Lavazza","8000070051003","17.99","1000g","Kaffee, Tee & Kakao","False","https://img.rewe-static.de/8550896/41937677_digital-image.png"
"Meßmer Ibiza Dream Süße Kirsche 50g, 20 Beutel","Meßmer","4002221040045","2.49","50g (1 kg = 49,80 €)","Kaffee, Tee & Kakao","False","https://img.rewe-static.de/7963037/32389361_digital-image.png"
"Meßmer Kräutertee mit Kurkuma Geborgenheit 40g, 20 Beutel","Meßmer","4002221048607","1.49","40g (1 kg = 37,25 €)","Kaffee, Tee & Kakao","True","https://img.rewe-static.de/7648313/45538119_digital-image.png"
"Milkfood Latte Macchiato 400g","Milkfood","4017623010305","3.49","400g (1 kg = 8,73 €)","Kaffee, Tee & Kakao","False","https://img.rewe-static.de/2784596/25911713_digital-image.png"
"Tchibo Cafissimo Espresso kräftig 75g","Tchibo","4046234645217","3.49","75g (1 kg = 46,53 €)","Kaffee, Tee & Kakao","False","https://img.rewe-static.de/1383945/20855269_digital-image.png"
"Teekanne Freches Bienchen 40,5g","Teekanne","4009300019343","2.29","40,50g (1 kg = 56,54 €)","Kaffee, Tee & Kakao","False","https://img.rewe-static.de/7673127/39754287_digital-image.png"
"Teekanne Grüner Tee 250g","Teekanne","4009300003991","7.29","250g (1 kg = 29,16 €)","Kaffee, Tee & Kakao","False","https://img.rewe-static.de/0516597/2532080_digital-image.png"
"Jacobs Instant Kaffee Cappuccino Choco so leicht 400g","Jacobs","8711000524794","4.29","400g (1 kg = 10,73 €)","Kaffee, Tee & Kakao","False","https://img.rewe-static.de/0066623/2553300_digital-image.png"
"Lavazza Qualità Rossa gemahlen 250g","Lavazza","8000070035980","5.49","250g (1 kg = 21,96 €)","Kaffee, Tee & Kakao","False","https://img.rewe-static.de/7713649/23064758_digital-image.png"
"Melitta Filtertüten 100 naturbraun 40 Stück","Melitta","4006508126033","1.99","NA","Kaffee, Tee & Kakao","False","https://img.rewe-static.de/5567114/23246981_digital-image.png"
"Melitta Filtertüten Natura 80er","Melitta","4006508210862","2.99","80 Stück","Kaffee, Tee & Kakao","False","https://img.rewe-static.de/2196192/29944180_digital-image.png"
"Meßmer Fenchel-Anis-Kümmel 100g, 25 Beutel","Meßmer","4002221031067","3.99","100g (1 kg = 39,90 €)","Kaffee, Tee & Kakao","False","https://img.rewe-static.de/7036703/34869575_digital-image.png"
"Meßmer Früchtetee Zimtschnecke 18 Beutel 45g","Meßmer","4002221031722","2.49","45g (1 kg = 55,33 €)","Kaffee, Tee & Kakao","False","https://img.rewe-static.de/7089788/29272041_digital-image.png"
"Meßmer Rooibos Wildkirsche 40g, 20 Beutel","Meßmer","4002221007093","2.49","40g (1 kg = 62,25 €)","Kaffee, Tee & Kakao","False","https://img.rewe-static.de/0372846/9695680_digital-image.png"
"Nescafé Dolce Gusto Lungo 89,6g, 16 Kapseln","Nescafé","8445290859549","5.49","89,60g (1 kg = 61,27 €)","Kaffee, Tee & Kakao","False","https://img.rewe-static.de/9140520/43405647_digital-image.png"
"Tchibo Beste Bohne Colombia Edition 2x250g","Tchibo","4061445174288","9.99","500g (1 kg = 19,98 €)","Kaffee, Tee & Kakao","False","https://img.rewe-static.de/7925504/32612252_digital-image.png"
"Dallmayr Gold 200g","Dallmayr","4008167037002","10.99","200g (1 kg = 54,95 €)","Kaffee, Tee & Kakao","False","https://img.rewe-static.de/8272978/29001171_digital-image.png"
"Krüger Cappuccino 1kg","Krüger","4052700071312","6.99","1000g","Kaffee, Tee & Kakao","False","https://img.rewe-static.de/5193095/3686840_digital-image.png"
"Meßmer Old England Earl Grey 400g","Meßmer","4002221016736","6.99","400g (1 kg = 17,48 €)","Kaffee, Tee & Kakao","False","https://img.rewe-static.de/0925353/23065942_digital-image.png"
"Meßmer Österreichischer Apfel 50g, 20 Beutel","Meßmer","4002221051676","2.49","50g (1 kg = 49,80 €)","Kaffee, Tee & Kakao","False","https://img.rewe-static.de/7574344/45247477_digital-image.png"
"Monin Sirup Cookie choco 0,25l","Monin","3052911606595","3.99","0,25l (1 l = 15,96 €)","Kaffee, Tee & Kakao","False","https://img.rewe-static.de/0485487/22865622_digital-image.png"
"My Coffee Cup Bio Kaffee Lungo Bellissimo 52g, 10 Kapseln","My Coffee Cup","4251471406747","3.79","52g (1 kg = 72,88 €)","Kaffee, Tee & Kakao","False","https://img.rewe-static.de/8955766/40116734_digital-image.png"
"Teekanne Organics Bio Tee Calm & Relax 36g, 20 Beutel","Teekanne","4009300015123","3.49","36g (1 kg = 96,94 €)","Kaffee, Tee & Kakao","False","https://img.rewe-static.de/7291293/28407923_digital-image.png"
"Dallmayr Ethiopia 500g","Dallmayr","4008167504009","7.99","500g (1 kg = 15,98 €)","Kaffee, Tee & Kakao","False","https://img.rewe-static.de/0400589/1522650_digital-image.png"
"Jacobs Crema löslicher Kaffee 200g","Jacobs","8711000551998","9.99","200g (1 kg = 49,95 €)","Kaffee, Tee & Kakao","False","https://img.rewe-static.de/7626041/43093708_digital-image.png"
"Meßmer Cold Tea Eistee Zitrone 38,5g, 14 Beutel","Meßmer","4002221044074","3.19","38,50g (1 kg = 82,86 €)","Kaffee, Tee & Kakao","False","https://img.rewe-static.de/7847361/36359646_digital-image.png"
"Meßmer Grüner Tee 87g, 50 Beutel","Meßmer","4002221009844","3.99","87,50g (1 kg = 45,60 €)","Kaffee, Tee & Kakao","False","https://img.rewe-static.de/0683974/23064759_digital-image.png"
"Meßmer Grüner Tee Ingwer-Honig 44g, 25 Beutel","Meßmer","4002221023857","2.69","43,75g (1 kg = 61,49 €)","Kaffee, Tee & Kakao","False","https://img.rewe-static.de/1973066/23064618_digital-image.png"
"Monin Sirup Amaretto 0,25l","Monin","3052911606519","3.99","0,25l (1 l = 15,96 €)","Kaffee, Tee & Kakao","False","https://img.rewe-static.de/8897646/3131510_digital-image.png"
"My Coffee Cup Bio Lungo Caffè Crema 52g, 10 Kapseln","My Coffee Cup","4251471406808","3.79","52g (1 kg = 72,88 €)","Kaffee, Tee & Kakao","False","https://img.rewe-static.de/8954172/40116422_digital-image.png"
"Nestlé Caro Landkaffee Extra kräftig 150g","Nestlé","4005500086062","3.29","150g (1 kg = 21,93 €)","Kaffee, Tee & Kakao","False","https://img.rewe-static.de/4781554/7478400_digital-image.png"
"Niederegger Lübeck Marzipan Rooibos-Tee 25 Aufgussbeutel","Niederegger","4000161850052","3.8","43,75g","Kaffee, Tee & Kakao","False","https://img.rewe-static.de/0329142/46345120_digital-image.png"
"Niederegger Lübeck Marzipan Schwarztee 25 Aufgussbeutel","Niederegger","4000161850069","3.8","43,75g","Kaffee, Tee & Kakao","False","https://img.rewe-static.de/1349638/46342252_digital-image.png"
"Melitta Der Kräftige Filterkaffee gemahlen 500g","Melitta","4002720000250","6.99","500g (1 kg = 13,98 €)","Kaffee, Tee & Kakao","False","https://img.rewe-static.de/8342752/29729960_digital-image.png"
"Melitta Rundfilterpapier 1 naturbraun 100 Stück","Melitta","4006508204335","1.39","100 Stück","Kaffee, Tee & Kakao","False","https://img.rewe-static.de/1188956/20312476_digital-image.png"
"Meßmer Cold Tea Sport Apfel 38,5g, 14 Pyramidenbeutel","Meßmer","4002221050136","3.19","38,50g (1 kg = 82,86 €)","Kaffee, Tee & Kakao","False","https://img.rewe-static.de/7632872/43130221_digital-image.png"
"Meßmer Cold Tea Sport Multivitamin 38,5g, 14 Pyramidenbeutel","Meßmer","4002221050150","3.19","38,50g (1 kg = 82,86 €)","Kaffee, Tee & Kakao","False","https://img.rewe-static.de/7632399/43130217_digital-image.png"
"Meßmer Rooibos Karamell 40g, 20 Beutel","Meßmer","4002221003330","2.49","40g (1 kg = 62,25 €)","Kaffee, Tee & Kakao","False","https://img.rewe-static.de/3462480/2599430_digital-image.png"
"Meßmer Weißer Tee Vanille-Pfirsich 35g, 25 Beutel","Meßmer","4002221009288","2.69","35g (1 kg = 76,86 €)","Kaffee, Tee & Kakao","False","https://img.rewe-static.de/5733871/7461480_digital-image.png"
"Nescafé Classic löslicher Bohnenkaffee 20g","Nescafé","4005500216063","2.19","20g (1 kg = 109,50 €)","Kaffee, Tee & Kakao","False","https://img.rewe-static.de/5402565/23065331_digital-image.png"
"Nescafé Gold Original 10x2g","Nescafé","7613036239042","2.49","20g (1 kg = 124,50 €)","Kaffee, Tee & Kakao","False","https://img.rewe-static.de/7202697/27911103_digital-image.png"
"Niederegger Typ Nuss-Nougat Cappuccino 250g","Niederegger","4000161850328","4.9","250g (1 kg = 19,60 €)","Kaffee, Tee & Kakao","False","https://img.rewe-static.de/1991312/31504639_digital-image.png"
"Onno Behrends Ostfriesen-Tee 75g, 50 Beutel","Onno Behrends","4002221049611","2.39","75g","Kaffee, Tee & Kakao","False","https://img.rewe-static.de/7570380/44243401_digital-image.png"
"Tchibo Black & White Instantkaffee 180g","Tchibo","4061445298052","8.99","180g (1 kg = 49,94 €)","Kaffee, Tee & Kakao","False","https://img.rewe-static.de/7567560/43398855_digital-image.png"
"Yasashi Bio Tee Süße Beeren & Holunderblüte 40g, 16 Beutel","NA","4002221049840","2.99","40g (1 kg = 74,75 €)","Kaffee, Tee & Kakao","False","https://img.rewe-static.de/7614548/45446375_digital-image.png"
"ja! Family Cappuccino 500g","ja!","4388840218509","2.99","500g (1 kg = 5,98 €)","Kaffee, Tee & Kakao","False","https://img.rewe-static.de/1110889/24317813_digital-image.png"
"ja! Kaffeesahne 20x10g","ja!","4337256087872","0.99","200g (1 kg = 4,95 €)","Kaffee, Tee & Kakao","False","https://img.rewe-static.de/8187738/2315090_digital-image.png"
"ja! Extra löslicher Kaffee 200g","ja!","4388840018321","5.79","200g (1 kg = 28,95 €)","Kaffee, Tee & Kakao","False","https://img.rewe-static.de/6243827/24412513_digital-image.png"
"ja! Mild Löslicher Kaffee 200g","ja!","4337256299251","5.79","200g (1 kg = 28,95 €)","Kaffee, Tee & Kakao","False","https://img.rewe-static.de/8629898/34105597_digital-image.png"
"ja! Zitronentee löslich 400g","ja!","4388844146464","1.99","400g (1 kg = 4,98 €)","Kaffee, Tee & Kakao","False","https://img.rewe-static.de/0713079/26680375_digital-image.png"
"ja! Fenchel Anis Kümmel Tee 50g, 25 Beutel","ja!","4337256270106","1.19","50g (1 kg = 23,80 €)","Kaffee, Tee & Kakao","False","https://img.rewe-static.de/8606032/33722066_digital-image.png"
"ja! Gold entkoffeiniert 100g","ja!","4337256555395","3.99","100g (1 kg = 39,90 €)","Kaffee, Tee & Kakao","False","https://img.rewe-static.de/3151583/26159896_digital-image.png"
"ja! Kaffeeweißer 250g","ja!","4388840024438","1.59","250g (1 kg = 6,36 €)","Kaffee, Tee & Kakao","False","https://img.rewe-static.de/8187754/3441480_digital-image.png"
"ja! kräftiger Röstkaffee 500g","ja!","4337256418171","4.49","500g (1 kg = 8,98 €)","Kaffee, Tee & Kakao","False","https://img.rewe-static.de/8125186/28804754_digital-image.png"
"ja! Kaffe Klassik 40 Pads, 280g","ja!","4337256627016","4.39","280g (1 kg = 15,68 €)","Kaffee, Tee & Kakao","False","https://img.rewe-static.de/7691883/39512719_digital-image.png"
"ja! Kaffeesahne 12% Fett 250g","ja!","4337256492805","1.09","250g (1 kg = 4,36 €)","Kaffee, Tee & Kakao","False","https://img.rewe-static.de/2223199/22949089_digital-image.png"
"ja! Teegetränk Waldfrucht 400g","ja!","4337256778565","1.99","400g (1 kg = 4,98 €)","Kaffee, Tee & Kakao","False","https://img.rewe-static.de/8884938/38111125_digital-image.png"
"Ja! Cappuccino weniger süß 200g","ja!","4337256382304","1.99","200g (1 kg = 9,95 €)","Kaffee, Tee & Kakao","False","https://img.rewe-static.de/8016049/31853356_digital-image.png"
"ja! Waldbeere Tee 62,5g, 25 Beutel","ja!","4337256269865","1.39","62,50g (1 kg = 22,24 €)","Kaffee, Tee & Kakao","False","https://img.rewe-static.de/8605199/33722058_digital-image.png"
"ja! Kondensmilch 7,5% Fett 340g","ja!","4388840011940","0.99","340g (1 kg = 2,91 €)","Kaffee, Tee & Kakao","False","https://img.rewe-static.de/6621155/24110524_digital-image.png"
"ja! Kaffee-Filter Größe 4, 100 Stück","ja!","4388860373257","0.79","NA","Kaffee, Tee & Kakao","False","https://img.rewe-static.de/2755729/25102172_digital-image.png"
"ja! Kaffeepads mild 40 Stück, 280g","ja!","4337256624763","4.39","280g (1 kg = 15,68 €)","Kaffee, Tee & Kakao","False","https://img.rewe-static.de/7690248/39512755_digital-image.png"
"ja! Gold Löslicher Kaffee 100g","ja!","4337256551762","3.19","100g (1 kg = 31,90 €)","Kaffee, Tee & Kakao","False","https://img.rewe-static.de/6243711/24412501_digital-image.png"
"ja! Kakaopulver Instant 800g","ja!","4337256571845","3.29","800g (1 kg = 4,11 €)","Kaffee, Tee & Kakao","False","https://img.rewe-static.de/7257866/28524046_digital-image.png"
"ja! Kondensmilch 4% Fett 340g","ja!","4337256353786","0.89","340g (1 kg = 2,62 €)","Kaffee, Tee & Kakao","False","https://img.rewe-static.de/8192570/24110567_digital-image.png"
"ja! Türkischer Apfel Tee 62,5g 25 Beutel","ja!","4337256675345","1.39","62,50g (1 kg = 22,24 €)","Kaffee, Tee & Kakao","False","https://img.rewe-static.de/8972047/40683563_digital-image.png"
"ja! Earl Grey Tee 70g, 40 Beutel","ja!","4388844217089","0.99","70g (1 kg = 14,14 €)","Kaffee, Tee & Kakao","False","https://img.rewe-static.de/2725612/25564060_digital-image.png"
"ja! Pfefferminztee 56g, 25 Beutel","ja!","4388844084674","0.89","56,25g (1 kg = 15,82 €)","Kaffee, Tee & Kakao","False","https://img.rewe-static.de/0546040/3871060_digital-image.png"
"ja! Milder Röstkaffee 500g","ja!","4337256421522","4.99","500g (1 kg = 9,98 €)","Kaffee, Tee & Kakao","False","https://img.rewe-static.de/8125487/28804597_digital-image.png"
"ja! Caffè Crema Ganze Bohnen 1kg","ja!","4337256022514","9.99","1000g","Kaffee, Tee & Kakao","False","https://img.rewe-static.de/2464563/31063954_digital-image.png"
"ja! Caffè Espresso Ganze Bohnen 1kg","ja!","4337256007887","9.99","1000g","Kaffee, Tee & Kakao","False","https://img.rewe-static.de/2464558/31063902_digital-image.png"
"ja! Teegetränk Pfirsich 400g","ja!","4337256783866","1.99","400g (1 kg = 4,98 €)","Kaffee, Tee & Kakao","False","https://img.rewe-static.de/8881363/38111090_digital-image.png"
"ja! Cafe Crema 40 Pads, 280g","ja!","4337256621991","4.39","280g (1 kg = 15,68 €)","Kaffee, Tee & Kakao","False","https://img.rewe-static.de/7689955/39512649_digital-image.png"
"ja! Kamillentee 37,5g, 25 Beutel","ja!","4337256274111","0.89","37,50g (1 kg = 23,73 €)","Kaffee, Tee & Kakao","False","https://img.rewe-static.de/0546026/2972440_digital-image.png"
"ja! Kaffee Pads 280g, 40 Pads","ja!","4337256627122","4.39","280g (1 kg = 15,68 €)","Kaffee, Tee & Kakao","False","https://img.rewe-static.de/7691945/39512727_digital-image.png"
"ja! Kaffeepads Entkoffeiniert 280g, 40 Pads","ja!","4337256619943","4.39","280g (1 kg = 15,68 €)","Kaffee, Tee & Kakao","False","https://img.rewe-static.de/7638950/39512682_digital-image.png"
"Barilla Fusilli Nr.98 500g","Barilla","8076802085981","2.09","500g (1 kg = 4,18 €)","Kochen & Backen","False","https://img.rewe-static.de/6653839/40640577_digital-image.png"
"Barilla Piccolini Mini Penne Rigate 500g","Barilla","8076809521628","2.09","500g (1 kg = 4,18 €)","Kochen & Backen","False","https://img.rewe-static.de/4900375/20768560_digital-image.png"
"Barilla Spaghetti Nr.5 500g","Barilla","8076800195057","2.09","500g (1 kg = 4,18 €)","Kochen & Backen","False","https://img.rewe-static.de/1483021/20428098_digital-image.png"
"Barilla Penne Rigate Nr.73 500g","Barilla","8076802085738","2.09","500g (1 kg = 4,18 €)","Kochen & Backen","False","https://img.rewe-static.de/6431135/21926629_digital-image.png"
"Barilla Maccheroni Nr.44 500g","Barilla","8076808050440","2.09","500g (1 kg = 4,18 €)","Kochen & Backen","False","https://img.rewe-static.de/7591365/2511770_digital-image.png"
"Delverde Spaghettini 71 500g","Delverde","8000270016277","1.89","500g (1 kg = 3,78 €)","Kochen & Backen","False","https://img.rewe-static.de/8925615/33309164_digital-image.png"
"Barilla Girandole Nr.34 500g","Barilla","8076809512268","2.09","500g (1 kg = 4,18 €)","Kochen & Backen","False","https://img.rewe-static.de/2297663/20768556_digital-image.png"
"Barilla Capellini Nr.1 500g","Barilla","8076800195019","2.09","500g (1 kg = 4,18 €)","Kochen & Backen","False","https://img.rewe-static.de/0436410/20764358_digital-image.png"
"Delverde Linguine 500g","Delverde","8000270016291","1.89","500g (1 kg = 3,78 €)","Kochen & Backen","False","https://img.rewe-static.de/8919003/25841653_digital-image.png"
"Ben's Original Natur-Reis im Beutel 10 Minuten 4x125g","Ben's Original","5410673004314","2.59","4x125g (1 kg = 5,18 €)","Kochen & Backen","False","https://img.rewe-static.de/5471214/1855970_digital-image.png"
"REWE Bio Dinkel-Vollkornmehl 1kg","REWE Bio","4337256036757","1.29","1000g","Kochen & Backen","False","https://img.rewe-static.de/3100603/26130129_digital-image.png"
"REWE Beste Wahl Milchschoko-Streusel 200g","REWE Beste Wahl","4388844277618","1.49","200g (1 kg = 7,45 €)","Kochen & Backen","False","https://img.rewe-static.de/2243391/24297070_digital-image.png"
"REWE Beste Wahl Vollmilch-Kuvertüre 200g","REWE Beste Wahl","4337256819046","1.49","200g (1 kg = 7,45 €)","Kochen & Backen","False","https://img.rewe-static.de/0754891/23928077_digital-image.png"
"Delverde Eliche 500g","Delverde","8000270013122","1.89","500g (1 kg = 3,78 €)","Kochen & Backen","False","https://img.rewe-static.de/8925470/33309163_digital-image.png"
"Ruf Bunte Zuckerstreusel 200g","Ruf","4002809024825","1.39","200g (1 kg = 6,95 €)","Kochen & Backen","False","https://img.rewe-static.de/3279477/27074186_digital-image.png"
"Dr. Oetker Paradiescreme Dessert Schokolade 74g","Dr. Oetker","4000521465407","0.79","74g (1 kg = 10,68 €)","Kochen & Backen","True","https://img.rewe-static.de/0182460/7158930_digital-image.png"
"Dr. Oetker Mousse au Chocolat 92g","Dr. Oetker","4000521475000","1.99","92g (1 kg = 21,63 €)","Kochen & Backen","False","https://img.rewe-static.de/5189667/2083980_digital-image.png"
"Oryza Ideal-Reis 1kg","Oryza","4006237620116","2.99","1000g","Kochen & Backen","False","https://img.rewe-static.de/5272297/6668720_digital-image.png"
"Mondamin Kaiserschmarrn Österreichische Art 135g","Mondamin","4046800110767","1.49","135g (1 kg = 11,04 €)","Kochen & Backen","False","https://img.rewe-static.de/3702847/21346793_digital-image.png"
"Minuto Pfannkuchen Shaker 205g","NA","4002676650066","2.49","205g (1 kg = 12,15 €)","Kochen & Backen","False","https://img.rewe-static.de/7581910/43242507_digital-image.png"
"REWE Bio Rote Linsen 500g","REWE Bio","4337256788779","1.39","500g (1 kg = 2,78 €)","Kochen & Backen","False","https://img.rewe-static.de/7547310/42682862_digital-image.png"
"Wieninger Frische Hefe 42g","Wieninger","30001275","0.19","42g (1 kg = 4,52 €)","Kochen & Backen","False","https://img.rewe-static.de/2943271/1757940_digital-image.png"
"REWE Bio Milchreis 500g","REWE Bio","4388860081190","1.59","500g (1 kg = 3,18 €)","Kochen & Backen","False","https://img.rewe-static.de/7186200/28011466_digital-image.png"
"Diamant Weizenmehl Extra 500g","Diamant","4000406002734","0.99","500g (1 kg = 1,98 €)","Kochen & Backen","False","https://img.rewe-static.de/7122802/7454610_digital-image.png"
"Barilla Collezione Farfalle Nr.65 500g","Barilla","8076809580144","2.69","500g (1 kg = 5,38 €)","Kochen & Backen","False","https://img.rewe-static.de/7905005/32879874_digital-image.png"
"Barilla Spaghettini Nr.3 500g","Barilla","8076800195033","2.09","500g (1 kg = 4,18 €)","Kochen & Backen","False","https://img.rewe-static.de/1483005/20764382_digital-image.png"
"Barilla Spaghettoni Nr.7 500g","Barilla","8076808150072","2.09","500g (1 kg = 4,18 €)","Kochen & Backen","False","https://img.rewe-static.de/6754910/20769122_digital-image.png"
"REWE Bio Naturreis Spitzen-Langkorn 1kg","REWE Bio","4337256409261","2.59","1kg","Kochen & Backen","False","https://img.rewe-static.de/8032052/31063840_digital-image.png"
"Pfanni Kartoffelknödel der Klassiker Halb & Halb 6 Stück","Pfanni","4000400130570","1.99","200g (1 kg = 9,95 €)","Kochen & Backen","False","https://img.rewe-static.de/8004196/1235830_digital-image.png"
"Müller's Mühle Grüne Schälerbsen 500g","Müller's Mühle","4000286217006","1.99","500g (1 kg = 3,98 €)","Kochen & Backen","False","https://img.rewe-static.de/8109354/1744450_digital-image.png"
"REWE Beste Wahl Express Reis Djuvec 250g","REWE Beste Wahl","4337256581790","1.29","250g (1 kg = 5,16 €)","Kochen & Backen","False","https://img.rewe-static.de/7707321/38733401_digital-image.png"
"De Cecco Penne Rigate Nr.41 500g","De Cecco","8001250120410","2.49","500g (1 kg = 4,98 €)","Kochen & Backen","False","https://img.rewe-static.de/3742105/3157010_digital-image.png"
"REWE Beste Wahl Fusilli N°22 500g","REWE Beste Wahl","4388844202696","1.39","500g (1 kg = 2,78 €)","Kochen & Backen","False","https://img.rewe-static.de/2631972/24970887_digital-image.png"
"Diamant Roggenmehl Vollkorn 1kg","Diamant","4000406002956","1.79","1000g","Kochen & Backen","False","https://img.rewe-static.de/7499248/27879218_digital-image.png"
"Bauckhof Bio Backmischung Wunderbrot glutenfrei 600g","Bauckhof","4015637826417","3.99","600g (1 kg = 6,65 €)","Kochen & Backen","False","https://img.rewe-static.de/3349872/27588643_digital-image.png"
"Ruf Fondant Schwarz 250g","Ruf","4002809026027","2.69","250g (1 kg = 10,76 €)","Kochen & Backen","False","https://img.rewe-static.de/8317132/31505294_digital-image.png"
"Sweet Family Hagelzucker 250g","Sweet Family","4008671015022","0.79","250g (1 kg = 3,16 €)","Kochen & Backen","False","https://img.rewe-static.de/4648439/9690650_digital-image.png"
"Ruf Quarkfix Erdbeer 55g","Ruf","4002809021510","0.69","55g (1 kg = 12,55 €)","Kochen & Backen","False","https://img.rewe-static.de/0906937/6554760_digital-image.png"
"Dr. Oetker Götterspeise Waldmeister-Geschmack 25,2g","Dr. Oetker","4000521026745","1.29","2x12,60g (1 kg = 51,19 €)","Kochen & Backen","False","https://img.rewe-static.de/7875000/33508966_digital-image.png"
"Dr. Oetker Götterspeise Zitronen-Geschmack 25,2g","Dr. Oetker","4000521026769","1.29","25,20g (1 kg = 51,19 €)","Kochen & Backen","False","https://img.rewe-static.de/8632630/33508961_digital-image.png"
"Cau Tre Reispapier rund 22cm 280g","NA","8935297101333","3.19","280g (1 kg = 11,39 €)","Kochen & Backen","False","https://img.rewe-static.de/7856038/34078033_digital-image.png"
"Ruf Glücklichmacher Tassencremepudding Schoko 59g","Ruf","4002809018879","0.79","59g (1 kg = 13,39 €)","Kochen & Backen","False","https://img.rewe-static.de/7623382/42552113_digital-image.png"
"REWE Bio Naturland Roggen Vollkorn Mehl 1000g","REWE Bio","4337256439510","1.39","1000g","Kochen & Backen","False","https://img.rewe-static.de/8749162/36410687_digital-image.png"
"Dr, Oetker Zauberhafte Schmetterlinge aus Esspapier 12 Stück","Dr. Oetker","4000521031671","3.29","12 Stück","Kochen & Backen","False","https://img.rewe-static.de/7791889/38938153_digital-image.png"
"Ben's Original Basmati- & Thai-Reis 500g","Ben's Original","5410673004673","3.49","500g (1 kg = 6,98 €)","Kochen & Backen","False","https://img.rewe-static.de/3769119/2177440_digital-image.png"
"Dr. Oetker Kuvertüre Zartbitter 150g","Dr. Oetker","4000521007027","2.79","150g (1 kg = 18,60 €)","Kochen & Backen","False","https://img.rewe-static.de/1146829/11081480_digital-image.png"
"Ben's Original Basmati-Reis im Beutel 1kg","Ben's Original","5410673004635","5.49","1000g","Kochen & Backen","False","https://img.rewe-static.de/2266728/26835382_digital-image.png"
"Dr. Oetker Super Gelierzucker 3:1 500g","Dr. Oetker","4000521730307","2.49","500g (1 kg = 4,98 €)","Kochen & Backen","False","https://img.rewe-static.de/5143020/8128490_digital-image.png"
"Dr. Oetker Mini Dekorblüten 40g","Dr. Oetker","4000521018573","2.99","40g (1 kg = 74,75 €)","Kochen & Backen","False","https://img.rewe-static.de/3258552/26384352_digital-image.png"
"Ruf Gelatine weiß gemahlen 27,6g","Ruf","40352886","0.89","3x9,20g (1 kg = 32,25 €)","Kochen & Backen","False","https://img.rewe-static.de/6691854/7454940_digital-image.png"
"Dr. Oetker Galetta Cremepudding Vanille-Geschmack 80g","Dr. Oetker","4000521401603","1.29","80g (1 kg = 16,13 €)","Kochen & Backen","False","https://img.rewe-static.de/8897000/1124600_digital-image.png"
"Borchers Mandelmehl teilentölt 200g","borchers fine food GmbH & Co. KG","4260175671306","6.99","200g (1 kg = 34,95 €)","Kochen & Backen","False","https://img.rewe-static.de/8035888/30643002_digital-image.png"
"Ruf Zitronensäure 30g","Ruf","40352619","0.89","30g (1 kg = 29,67 €)","Kochen & Backen","False","https://img.rewe-static.de/8764644/36395161_digital-image.png"
"Aurora Weizenmehl Type 405 Urkraft des Keimes 1kg","Aurora","4000406070078","1.19","1000g","Kochen & Backen","False","https://img.rewe-static.de/0105724/4788170_digital-image.png"
"Borchers Erythrit Süßungsmittel 400g","borchers fine food GmbH & Co. KG","4260175671689","4.99","400g (1 kg = 12,48 €)","Kochen & Backen","False","https://img.rewe-static.de/7708586/38811074_digital-image.png"
"Birkel Frischeinudeln Shipli 500g","Birkel","4002676212042","2.19","500g (1 kg = 4,38 €)","Kochen & Backen","False","https://img.rewe-static.de/6433600/2327950_digital-image.png"
"Dr. Oetker Backmischung Mini Muffins 280g","Dr. Oetker","4000521030155","2.22","280g (1 kg = 7,93 €)","Kochen & Backen","True","https://img.rewe-static.de/8805950/39364043_digital-image.png"
"REWE frei von Penne glutenfrei 500g","REWE frei von","4337256599863","1.59","500g (1 kg = 3,18 €)","Kochen & Backen","False","https://img.rewe-static.de/7694932/41306190_digital-image.png"
"Dr. Oetker Weinstein Backpulver vegan 60g, 3 Beutel","Dr. Oetker","4000521030681","1.39","60g (1 kg = 23,17 €)","Kochen & Backen","False","https://img.rewe-static.de/7779902/36761407_digital-image.png"
"Ruf Dessertsauce Vanillegeschmack 72g","Ruf","40352473","0.79","3x24g (1 kg = 10,97 €)","Kochen & Backen","False","https://img.rewe-static.de/7009453/1657320_digital-image.png"
"RUF Bio Zitronen Schale gerieben 5g","Ruf","40352091","0.79","5g","Kochen & Backen","False","https://img.rewe-static.de/8339927/31322466_digital-image.png"
"Dr. Oetker Original Pudding Sahne 3x37g","Dr. Oetker","4000521201319","0.99","3x37g (1 kg = 8,92 €)","Kochen & Backen","False","https://img.rewe-static.de/0182257/4784940_digital-image.png"
"REWE Beste Wahl Duo-Muffins Backmischung 335g","REWE Beste Wahl","4337256666466","2.29","380g (1 kg = 6,03 €)","Kochen & Backen","False","https://img.rewe-static.de/2331793/23853088_digital-image.png"
"Biozentrale Bio Leinsamen geschrotet 200g","biozentrale","4005009106797","2.49","200g (1 kg = 12,45 €)","Kochen & Backen","False","https://img.rewe-static.de/1252310/23476574_digital-image.png"
"Dr. Oetker Seelenwärmer Pudding Vanille-Geschmack 58g","Dr. Oetker","4000521021306","0.79","58g (1 kg = 13,62 €)","Kochen & Backen","True","https://img.rewe-static.de/7287589/28527232_digital-image.png"
"Dr. Oetker Seelenwärmer Pudding Schoko 58g","Dr. Oetker","4000521021320","0.79","58g (1 kg = 13,62 €)","Kochen & Backen","True","https://img.rewe-static.de/7290298/28527239_digital-image.png"
"Dr. Oetker Bourbon-Vanillezucker 24g, 3 Päckchen","Dr. Oetker","4000521122706","1.29","3x8g (1 kg = 53,75 €)","Kochen & Backen","False","https://img.rewe-static.de/9217045/684120_digital-image.png"
"REWE Beste Wahl Glasnudeln 100g","REWE Beste Wahl","4337256789240","0.89","100g (1 kg = 8,90 €)","Kochen & Backen","False","https://img.rewe-static.de/9058653/43731138_digital-image.png"
"Dr. Oetker Paradiescreme Dessert Vanille-Geschmack 60g","Dr. Oetker","4000521464400","0.79","60g (1 kg = 13,17 €)","Kochen & Backen","True","https://img.rewe-static.de/0182451/1701640_digital-image.png"
"3 Glocken Genuss Pur Spiralen 500g","3 Glocken","4002966004067","1.89","500g (1 kg = 3,78 €)","Kochen & Backen","False","https://img.rewe-static.de/8013578/17970100_digital-image.png"
"REWE Bio Kritharaki Nudeln 500g","REWE Bio","4337256572453","1.69","500g (1 kg = 3,38 €)","Kochen & Backen","False","https://img.rewe-static.de/8884075/39346273_digital-image.png"
"Slendier Spaghetti Style Bio Konjakwurzel vegan 250g","NA","9346976000325","2.99","250g (1 kg = 11,96 €)","Kochen & Backen","False","https://img.rewe-static.de/2314734/23375255_digital-image.png"
"REWE Bio Couscous 500g","REWE Bio","4337256439787","1.19","500g (1 kg = 2,38 €)","Kochen & Backen","False","https://img.rewe-static.de/0294337/4775630_digital-image.png"
"Pickerd Bunte Streusel 130g","Pickerd","4022500142321","1.79","130g (1 kg = 13,77 €)","Kochen & Backen","False","https://img.rewe-static.de/8955607/40286226_digital-image.png"
"Biozentrale Bio Dinkel Spaghetti 250g","biozentrale","4005009103505","1.99","250g (1 kg = 7,96 €)","Kochen & Backen","False","https://img.rewe-static.de/2721922/26684549_digital-image.png"
"Dr. Oetker Pistazien gehackt 25g","Dr. Oetker","4000521007201","2.99","25g (1 kg = 119,60 €)","Kochen & Backen","False","https://img.rewe-static.de/1146943/11080630_digital-image.png"
"REWE Beste Wahl Oriental Express Reis 250g","REWE Beste Wahl","4337256419314","1.29","250g (1 kg = 5,16 €)","Kochen & Backen","False","https://img.rewe-static.de/8041769/30389899_digital-image.png"
"Bamboo Garden Eier Mie Nudeln 250g","Bamboo Garden","4023900545460","1.79","250g (1 kg = 7,16 €)","Kochen & Backen","False","https://img.rewe-static.de/7586259/43442351_digital-image.png"
"REWE Bio + vegan Eiersatz 15g","REWE Bio","4337256581424","0.79","15g (1 kg = 52,67 €)","Kochen & Backen","False","https://img.rewe-static.de/8893877/39124597_digital-image.png"
"Taylor & Colledge Bio Vanilleschoten Extrakt 50ml","Taylor & Colledge","9300641003103","5.79","50ml (1 l = 115,80 €)","Kochen & Backen","False","https://img.rewe-static.de/3272024/27348240_digital-image.png"
"Ruf Natron 250g","Ruf","4002809021909","1.79","250g (1 kg = 7,16 €)","Kochen & Backen","False","https://img.rewe-static.de/7706639/43405712_digital-image.png"
"Dr. Oetker Classic Muffins Backmischung 380g","Dr. Oetker","4000521030117","2.22","380g (1 kg = 5,84 €)","Kochen & Backen","True","https://img.rewe-static.de/8745147/35627009_digital-image.png"
"Dr. Oetker Zitronen Kuchen Backmischung 525g","Dr. Oetker","4000521029982","2.22","525g (1 kg = 4,23 €)","Kochen & Backen","True","https://img.rewe-static.de/8807480/35627007_digital-image.png"
"Dr. Oetker Paradiescreme Dessert Zitronen-Geschmack 72,5g","Dr. Oetker","4000521467401","0.79","72,50g (1 kg = 10,90 €)","Kochen & Backen","True","https://img.rewe-static.de/3010333/1861490_digital-image.png"
"Butcher's Frische Jumbo Pommes Frites 700g","Butcher's Burger","20718596","1.99","700g (1 kg = 2,84 €)","Kochen & Backen","False","https://img.rewe-static.de/7209596/27599392_digital-image.png"
"REWE Beste Wahl Zitrone Aroma 8g","REWE Beste Wahl","4337256662598","0.79","8g","Kochen & Backen","False","https://img.rewe-static.de/8951668/40437398_digital-image.png"
"Dr. Oetker Marmor-Wolke Backmischung 455g","Dr. Oetker","4000521004842","3.79","455g (1 kg = 8,33 €)","Kochen & Backen","False","https://img.rewe-static.de/0731040/5820640_digital-image.png"
"Dr. Oetker Grießbrei Vanille-Geschmack 90g","Dr. Oetker","4000521771102","1.49","90g (1 kg = 16,56 €)","Kochen & Backen","False","https://img.rewe-static.de/7396236/22429449_digital-image.png"
"Aurora Weizenmehl Type 1050 1kg","Aurora","4000406072126","2.09","1000g","Kochen & Backen","False","https://img.rewe-static.de/4906500/7458780_digital-image.png"
"Block House Baked Potatoes mit Sour Cream 650g","Block House","4009286110003","3.99","650g (1 kg = 6,14 €)","Kochen & Backen","False","https://img.rewe-static.de/0149551/20171431_digital-image.png"
"Aurora Weizenmehl Type 405 Klassik 1kg","Aurora","4000406072300","1.19","1000g","Kochen & Backen","False","https://img.rewe-static.de/7580401/4772260_digital-image.png"
"Dr. Oetker Schokino Kuchen Backmischung 495g","Dr. Oetker","4000521029968","2.22","495g (1 kg = 4,48 €)","Kochen & Backen","True","https://img.rewe-static.de/7801379/35802549_digital-image.png"
"Ruf Kuchen-Träume Zitrone 425g","Ruf","4002809037146","2.99","425g (1 kg = 7,04 €)","Kochen & Backen","False","https://img.rewe-static.de/1394629/21427250_digital-image.png"
"Küchle Bio Back Oblaten vegan 23g","Küchle","4035600926845","1.19","23g (1 kg = 51,74 €)","Kochen & Backen","False","https://img.rewe-static.de/7754088/37018609_digital-image.png"
"Biozentrale Bio Superfood Flohsamenschalen 175g","biozentrale","4005009104106","4.99","175g (1 kg = 28,51 €)","Kochen & Backen","False","https://img.rewe-static.de/8070619/30247301_digital-image.png"
"De Cecco Gnocci di Patate 500g","De Cecco","8001250009999","1.99","500g (1 kg = 3,98 €)","Kochen & Backen","False","https://img.rewe-static.de/0473791/43331144_digital-image.png"
"Ruf Unser Natron Backsoda 50g","Ruf","4002809021602","0.69","50g (1 kg = 13,80 €)","Kochen & Backen","False","https://img.rewe-static.de/8576606/33383049_digital-image.png"
"Dr. Oetker Hefeteig-Garant 32g","Dr. Oetker","4000521117009","0.69","32g (1 kg = 21,56 €)","Kochen & Backen","False","https://img.rewe-static.de/8750254/1326950_digital-image.png"
"Leverno Limetten-Fix 100ml","Leverno","4013200334062","0.99","100ml (1 l = 9,90 €)","Kochen & Backen","False","https://img.rewe-static.de/1055439/23178971_digital-image.png"
"Ben's Original Express Griechisch Djuvec Reis 220g","Ben's Original","3487400006370","2.29","220g (1 kg = 10,41 €)","Kochen & Backen","False","https://img.rewe-static.de/7637100/39491883_digital-image.png"
"Dr. Oetker Maulwurfkuchen Backmischung 435g","Dr. Oetker","4000521885007","3.79","435g (1 kg = 8,71 €)","Kochen & Backen","False","https://img.rewe-static.de/5420857/2981040_digital-image.png"
"REWE Beste Wahl Kuchenglasur Vollmilch 150g","REWE Beste Wahl","21513725","1.39","150g (1 kg = 9,27 €)","Kochen & Backen","False","https://img.rewe-static.de/1061315/22792708_digital-image.png"
"Aurora Dinkelmehl Type 1050 1kg","Aurora","4000406001942","2.49","1000g","Kochen & Backen","False","https://img.rewe-static.de/1128259/27879195_digital-image.png"
"REWE Bio Frische Backhefe 42g","REWE Bio","4388844238480","0.59","42g (1 kg = 14,05 €)","Kochen & Backen","False","https://img.rewe-static.de/3064105/26133029_digital-image.png"
"REWE Beste Wahl Lasagneplatten 500g","REWE Beste Wahl","4337256801195","1.89","500g (1 kg = 3,78 €)","Kochen & Backen","False","https://img.rewe-static.de/0672979/22723779_digital-image.png"
"REWE Bio Mezze Penne 500g","REWE Bio","4337256572200","0.85","500g (1 kg = 1,70 €)","Kochen & Backen","False","https://img.rewe-static.de/7714953/39252001_digital-image.png"
"REWE Bio Dinkelmehl 1050 1kg","REWE Bio","4337256738248","1.39","1000g","Kochen & Backen","False","https://img.rewe-static.de/9026254/42148741_digital-image.png"
"Aurora Sonnenstern-Grieß Hartweizen 0,5kg","Aurora","4000406002246","1.49","500g (1 kg = 2,98 €)","Kochen & Backen","False","https://img.rewe-static.de/0105783/7477160_digital-image.png"
"Delverde Farfalle 500g","Delverde","8000270011319","1.89","500g (1 kg = 3,78 €)","Kochen & Backen","False","https://img.rewe-static.de/8925330/849780_digital-image.png"
"Mirácoli Spaghetti mit Tomatensauce 3 Portionen 376,2g","Mirácoli","4002359018633","3.29","376,20g (1 kg = 8,75 €)","Kochen & Backen","False","https://img.rewe-static.de/7660917/40453033_digital-image.png"
"Bamboo Garden Soeoen Laksa Glasnudeln 100g","Bamboo Garden","4023900545361","1.59","100g (1 kg = 15,90 €)","Kochen & Backen","False","https://img.rewe-static.de/7918888/35066411_digital-image.png"
"REWE Beste Wahl Bandnudeln mit Frischei 500g","REWE Beste Wahl","4337256808064","1.59","500g (1 kg = 3,18 €)","Kochen & Backen","False","https://img.rewe-static.de/7193879/27721375_digital-image.png"
"Henglein Pfannen-Gnocchi 500g","Henglein","4001163110502","2.99","500g (1 kg = 5,98 €)","Kochen & Backen","False","https://img.rewe-static.de/7852241/34183395_digital-image.png"
"3 Glocken Genuss Pur Spaghetti 500g","3 Glocken","4002966004074","1.89","500g (1 kg = 3,78 €)","Kochen & Backen","False","https://img.rewe-static.de/8013454/6718540_digital-image.png"
"Birkel Schwäbische Spätzle 500g","Birkel","4002676232002","2.19","500g (1 kg = 4,38 €)","Kochen & Backen","False","https://img.rewe-static.de/7981341/2033750_digital-image.png"
"Pfanni Kartoffelknödel halb & halb 400g","Pfanni","4000400130495","3.79","400g (1 kg = 9,48 €)","Kochen & Backen","False","https://img.rewe-static.de/8006385/6909470_digital-image.png"
"REWE Beste Wahl Gnocchi 1kg","REWE Beste Wahl","4337256675017","3.69","1000g","Kochen & Backen","False","https://img.rewe-static.de/0941231/22780767_digital-image.png"
"REWE Beste Wahl Rum Aroma 8g","REWE Beste Wahl","4337256660532","0.79","8g","Kochen & Backen","False","https://img.rewe-static.de/7668362/40437379_digital-image.png"
"Lucullus Instant-Trockenbackhefe 10x7g","Lucullus","4008377000551","1.59","10x7g (1 kg = 22,71 €)","Kochen & Backen","False","https://img.rewe-static.de/2918358/2175730_digital-image.png"
"Ruf Sauerteig Flüssig Roggen 70g","Ruf","4002809021626","0.89","70g","Kochen & Backen","False","https://img.rewe-static.de/7911126/38201628_digital-image.png"
"Dr. Oetker Hefe 28g, 4 Päckchen","Dr. Oetker","4000521110314","1.29","4x7g (1 kg = 46,07 €)","Kochen & Backen","False","https://img.rewe-static.de/2204568/1097680_digital-image.png"
"REWE Beste Wahl Langkorn Express Reis 250g","REWE Beste Wahl","4337256414838","1.29","250g (1 kg = 5,16 €)","Kochen & Backen","False","https://img.rewe-static.de/8397907/30994912_digital-image.png"
"REWE Beste Wahl Schoko Tröpfchen Vollmilch 100g","REWE Beste Wahl","4337256461191","1.79","100g (1 kg = 17,90 €)","Kochen & Backen","False","https://img.rewe-static.de/8385535/30735173_digital-image.png"
"REWE Beste Wahl Mie Nudeln 250g","REWE Beste Wahl","4337256752329","0.89","250g (1 kg = 3,56 €)","Kochen & Backen","False","https://img.rewe-static.de/9035316/43767880_digital-image.png"
"Mirácoli Spaghetti für 5 Portionen 610g","Mirácoli","4002359018671","4.49","610,40g (1 kg = 7,36 €)","Kochen & Backen","False","https://img.rewe-static.de/8978858/40469041_digital-image.png"
"REWE Bio Nudeln Fusilli 500g","REWE Bio","4337256185325","0.85","500g (1 kg = 1,70 €)","Kochen & Backen","False","https://img.rewe-static.de/0274045/31322051_digital-image.png"
"Pickerd Vanille Extrakt zuckerfrei 50ml","Pickerd","4022500137617","4.99","50ml (1 l = 99,80 €)","Kochen & Backen","False","https://img.rewe-static.de/8823377/36761488_digital-image.png"
"Diamant Weizenmehl extra Type 405 2,5kg","Diamant","4000406002819","2.89","2,50g (1 kg = 1,16 €)","Kochen & Backen","False","https://img.rewe-static.de/8908486/2506870_digital-image.png"
"Pfanni Kartoffelpüree Das Komplette 3x3 Portionen","Pfanni","4000400130693","2.49","283,50g (1 kg = 8,78 €)","Kochen & Backen","False","https://img.rewe-static.de/8004013/1775000_digital-image.png"
"Grafschafter Heller Sirup 450g","Grafschafter","4000412050200","1.99","450g (1 kg = 4,42 €)","Kochen & Backen","False","https://img.rewe-static.de/7277046/28058535_digital-image.png"
"Dr. Oetker Mohn Back 250g","Dr. Oetker","4000521020224","2.39","250g (1 kg = 9,56 €)","Kochen & Backen","False","https://img.rewe-static.de/7157725/27810531_digital-image.png"
"Pfanni Semmelknödel der Klassiker 6 Stück","Pfanni","4032600004337","1.99","200g (1 kg = 9,95 €)","Kochen & Backen","False","https://img.rewe-static.de/0184730/27295887_digital-image.png"
"Reis-fit Spitzen-Langkornreis 4x125g","Reis-Fit","4006237090117","1.99","4x125g (1 kg = 3,98 €)","Kochen & Backen","False","https://img.rewe-static.de/0589683/1185970_digital-image.png"
"REWE Beste Wahl Fusilli Tricolore N°22 500g","REWE Beste Wahl","4337256374279","1.39","500g (1 kg = 2,78 €)","Kochen & Backen","False","https://img.rewe-static.de/8086301/30592446_digital-image.png"
"REWE Beste Wahl Cannelloni 250g","REWE Beste Wahl","4337256788953","1.69","250g (1 kg = 6,76 €)","Kochen & Backen","False","https://img.rewe-static.de/8698487/35884569_digital-image.png"
"Barilla Collezione Lasagne Nr.189 500g","Barilla","8076809523738","2.69","500g (1 kg = 5,38 €)","Kochen & Backen","False","https://img.rewe-static.de/3754979/20769836_digital-image.png"
"Dr. Oetker Backmischung Classic Brownies 462g","Dr. Oetker","4000521030216","2.22","462g (1 kg = 4,81 €)","Kochen & Backen","True","https://img.rewe-static.de/7803754/35627010_digital-image.png"
"Mondamin Milchreis mit Vanillegeschmack 500ml","Mondamin","4046800110811","1.49","117g (1 kg = 12,74 €)","Kochen & Backen","False","https://img.rewe-static.de/8917710/7476720_digital-image.png"
"Dr. Oetker Backmischung Konfetti Muffins 360g","Dr. Oetker","4000521034627","2.22","360g (1 kg = 6,17 €)","Kochen & Backen","True","https://img.rewe-static.de/7667422/41732805_digital-image.png"
"Ruf Blattgelatine Weiß 12 Stück","Ruf","40352916","1.39","12 Stück","Kochen & Backen","False","https://img.rewe-static.de/7004362/9687680_digital-image.png"
"Diamant Weizenmehl Type 405 1kg","Diamant","4000406002758","1.19","1000g","Kochen & Backen","False","https://img.rewe-static.de/8042209/23064872_digital-image.png"
"Ruf Bourbon-Vanillezucker 24g","Ruf","40352497","1.19","3x8g (1 kg = 49,58 €)","Kochen & Backen","False","https://img.rewe-static.de/0365963/7471390_digital-image.png"
"Ben's Original Express Curryreis Indien 220g","Ben's Original","3487400006356","2.29","220g (1 kg = 10,41 €)","Kochen & Backen","False","https://img.rewe-static.de/8920661/39641491_digital-image.png"
"REWE Bio Polenta 500g","REWE Bio","4337256394987","1.19","500g (1 kg = 2,38 €)","Kochen & Backen","False","https://img.rewe-static.de/7270210/28698255_digital-image.png"
"Müller's Mühle Double Elephant Bulgur 500g","Müller's Mühle","4000286222819","2.29","500g (1 kg = 4,58 €)","Kochen & Backen","False","https://img.rewe-static.de/1137593/20312502_digital-image.png"
"Pickerd Kakaoglasur 150g","Pickerd","40225012","1.79","150g (1 kg = 11,93 €)","Kochen & Backen","False","https://img.rewe-static.de/3210804/4770420_digital-image.png"
"Dr. Oetker Schoko-Tröpfchen 75g","Dr. Oetker","4000521007225","1.59","75g (1 kg = 21,20 €)","Kochen & Backen","False","https://img.rewe-static.de/1146411/11079360_digital-image.png"
"Aurora Weizenmehl Type 550 1kg","Aurora","4000406072355","2.09","1000g","Kochen & Backen","False","https://img.rewe-static.de/9155201/7467510_digital-image.png"
"Ben's Original Spitzen-Langkorn-Reis im Beutel 20 Minuten 4x125g","Ben's Original","5410673004307","2.59","4x125g (1 kg = 5,18 €)","Kochen & Backen","False","https://img.rewe-static.de/1038907/33380828_digital-image.png"
"Dr. Oetker Schoko Muffins Backmischung 345g","Dr. Oetker","4000521030193","2.22","345g (1 kg = 6,43 €)","Kochen & Backen","True","https://img.rewe-static.de/7803853/35803053_digital-image.png"
"Ben's Original Express Italienisch mit Mascarpone 220g","Ben's Original","3487400006363","2.29","220g (1 kg = 10,41 €)","Kochen & Backen","False","https://img.rewe-static.de/8940443/39784403_digital-image.png"
"Dr. Oetker Original Pudding Schokolade Feinherb 3x37g","Dr. Oetker","4000521005009","0.99","144g (1 kg = 6,88 €)","Kochen & Backen","False","https://img.rewe-static.de/0876353/7475020_digital-image.png"
"Dr. Oetker Schwarzer Kakao zum Backen 30g","Dr. Oetker","4000521037031","1.29","30g (1 kg = 43 €)","Kochen & Backen","False","https://img.rewe-static.de/9998502/44057544_digital-image.png"
"Sweet Family Gelierzucker 2:1 500g","Sweet Family","4008671063009","0.89","500g (1 kg = 1,78 €)","Kochen & Backen","False","https://img.rewe-static.de/4602200/3540410_digital-image.png"
"Ruf Pudding Erdbeere 114g","Ruf","40352121","0.69","3x38g (1 kg = 6,05 €)","Kochen & Backen","False","https://img.rewe-static.de/7008627/24087244_digital-image.png"
"REWE Feine Welt Tonkabohnen 3 Stück","REWE Feine Welt","4337256039567","2.99","3 Stück","Kochen & Backen","False","https://img.rewe-static.de/8005066/31469934_digital-image.png"
"Ruf Pudding Echt Karamell 126g","Ruf","40352152","0.99","3x42g (1 kg = 7,86 €)","Kochen & Backen","False","https://img.rewe-static.de/7008856/24177050_digital-image.png"
"Küchenmeister Kartoffelmehl 500g","Küchenmeister","4006363100131","1.29","500g (1 kg = 2,58 €)","Kochen & Backen","False","https://img.rewe-static.de/6391559/1363720_digital-image.png"
"Dr. Oetker Cinnamon Rolls Backmischung 292g","Dr. Oetker","4000521037932","2.22","292g (1 kg = 7,60 €)","Kochen & Backen","True","https://img.rewe-static.de/9112283/43845997_digital-image.png"
"Reis-Fit Express Mediterran-Reis 250g","Reis-Fit","4006237642644","1.29","250g (1 kg = 5,16 €)","Kochen & Backen","True","https://img.rewe-static.de/8787416/37632675_digital-image.png"
"Dr. Oetker Kakao zum Backen 100g","Dr. Oetker","4000521005450","1.99","100g (1 kg = 19,90 €)","Kochen & Backen","False","https://img.rewe-static.de/0960141/20425677_digital-image.png"
"REWE Bio Ahornsirup 250ml","REWE Bio","4337256628051","4.99","250ml (1 l = 19,96 €)","Kochen & Backen","False","https://img.rewe-static.de/0360671/2616470_digital-image.png"
"Pfanni Teig für Kartoffel-Knödel halb & halb 318g","Pfanni","4000400130815","2.79","318g (1 kg = 8,77 €)","Kochen & Backen","False","https://img.rewe-static.de/8002932/2895350_digital-image.png"
"Sweet Family Rohrzucker 1kg","Sweet Family","4770074733512","2.19","1kg","Kochen & Backen","False","https://img.rewe-static.de/0522535/23174505_digital-image.png"
"REWE Beste Wahl Streudekor Zauber Mix 120g","REWE Beste Wahl","21533532","1.99","120g (1 kg = 16,58 €)","Kochen & Backen","False","https://img.rewe-static.de/8257071/28976525_digital-image.png"
"Dr. Oetker Lustige Zuckeraugen 24 Stück, 10g","Dr. Oetker","4000521019099","2.59","10g (1 kg = 259 €)","Kochen & Backen","False","https://img.rewe-static.de/3272017/26997321_digital-image.png"
"Küchenmeister Dinkelbrot Backmischung 1000g","Küchenmeister","4006363102067","1.49","1000g","Kochen & Backen","False","https://img.rewe-static.de/7211367/28083788_digital-image.png"
"Dr. Oetker Prinzessin Lillifee Muffins Backmischung 397g","Dr. Oetker","4000521500207","4.49","397g (1 kg = 11,31 €)","Kochen & Backen","False","https://img.rewe-static.de/0217810/5408000_digital-image.png"
"Ruf Dinolino Kuchen 850g","Ruf","4002809037351","3.49","850g (1 kg = 4,11 €)","Kochen & Backen","False","https://img.rewe-static.de/8259528/29812490_digital-image.png"
"Ruf Backmischung Kuh Elsa Kuchen 775g","Ruf","4002809037641","3.49","775g (1 kg = 4,50 €)","Kochen & Backen","False","https://img.rewe-static.de/8692405/43910428_digital-image.png"
"REWE Beste Wahl Marmorkuchen Backmischung 490g","REWE Beste Wahl","4337256337021","2.29","490g (1 kg = 4,67 €)","Kochen & Backen","False","https://img.rewe-static.de/7823848/35823761_digital-image.png"
"Dr. Oetker Tassenkuchen Schokino Backmischung 50g","Dr. Oetker","4000521017163","0.99","50g (1 kg = 19,80 €)","Kochen & Backen","False","https://img.rewe-static.de/2870203/25990540_digital-image.png"
"Leimer Paniermehl glutenfrei 200g","Leimer","4000186036240","2.59","200g (1 kg = 12,95 €)","Kochen & Backen","False","https://img.rewe-static.de/2227782/26478462_digital-image.png"
"Dr. Oetker Tortenguss rot 3er 36g","Dr. Oetker","4000521164317","0.79","3x12g (1 kg = 21,94 €)","Kochen & Backen","False","https://img.rewe-static.de/0182540/7478660_digital-image.png"
"Dr. Oetker Tortenguss fix Erdbeer 50g","Dr. Oetker","4000521003357","0.99","50g (1 kg = 19,80 €)","Kochen & Backen","False","https://img.rewe-static.de/0522998/6286410_digital-image.png"
"REWE Beste Wahl Raspelschokolade edelherb 100g","REWE Beste Wahl","4337256585651","1.79","100g (1 kg = 17,90 €)","Kochen & Backen","False","https://img.rewe-static.de/2241414/23236475_digital-image.png"
"Sweet Family Rohrzucker-Sticks 250g","Sweet Family","4008671951467","1.59","250g (1 kg = 6,36 €)","Kochen & Backen","False","https://img.rewe-static.de/2361767/33548213_digital-image.png"
"Delverde Penne Rigate 500g","Delverde","8000270013085","1.89","500g (1 kg = 3,78 €)","Kochen & Backen","False","https://img.rewe-static.de/8925518/849750_digital-image.png"
"Ben's Original Express Mediterran Reis 220g","Ben's Original","3487400006332","2.29","220g (1 kg = 10,41 €)","Kochen & Backen","False","https://img.rewe-static.de/8922362/38852794_digital-image.png"
"Dr. Oetker Milchreis weniger süß 112g","Dr. Oetker","4000521013745","1.49","112g (1 kg = 13,30 €)","Kochen & Backen","False","https://img.rewe-static.de/2276481/23228528_digital-image.png"
"Ben's Original Express Langkorn & Wildreis 220g","Ben's Original","3487400006394","2.29","220g (1 kg = 10,41 €)","Kochen & Backen","False","https://img.rewe-static.de/8937564/39784401_digital-image.png"
"REWE Beste Wahl Kuchenglasur Dunkel 150g","REWE Beste Wahl","25972382","1.39","150g (1 kg = 9,27 €)","Kochen & Backen","False","https://img.rewe-static.de/1061320/22792709_digital-image.png"
"Bamboo Garden Mie Nudeln vegan 250g","Bamboo Garden","4023900545446","1.69","250g (1 kg = 6,76 €)","Kochen & Backen","False","https://img.rewe-static.de/9084753/43440209_digital-image.png"
"Miyako Sushi Reis 500g","Miyako","4316734060453","2.29","500g (1 kg = 4,58 €)","Kochen & Backen","False","https://img.rewe-static.de/1248270/23962482_digital-image.png"
"Dr. Oetker Raspelschokolade Zartbitter 100g","Dr. Oetker","4000521006549","2.29","100g (1 kg = 22,90 €)","Kochen & Backen","False","https://img.rewe-static.de/1146405/11079220_digital-image.png"
"Minuto American Style Pancake Shaker 219g","NA","4002676650080","2.49","219g (1 kg = 11,37 €)","Kochen & Backen","False","https://img.rewe-static.de/9010917/42634261_digital-image.png"
"Dr. Oetker Finesse Geriebene Zitronenschale 18g","Dr. Oetker","4000521026110","0.99","3x6g (1 kg = 55 €)","Kochen & Backen","False","https://img.rewe-static.de/8535350/32476853_digital-image.png"
"Popp Bratkartoffeln mit Speck & Zwiebeln 500g","Popp","4045800780727","2.49","500g (1 kg = 4,98 €)","Kochen & Backen","False","https://img.rewe-static.de/1022605/8479240_digital-image.png"
"REWE Bio Tortiglioni 500g","REWE Bio","4337256567855","0.85","500g (1 kg = 1,70 €)","Kochen & Backen","False","https://img.rewe-static.de/8960250/39252018_digital-image.png"
"REWE Beste Wahl Feine Marzipan-Rohmasse 200g","REWE Beste Wahl","4337256068963","1.79","200g (1 kg = 8,95 €)","Kochen & Backen","False","https://img.rewe-static.de/0681566/22717624_digital-image.png"
"REWE Beste Wahl Bourbon-Vanilleschoten 2 Stück","REWE Beste Wahl","4388844150195","2.99","2 Stück","Kochen & Backen","False","https://img.rewe-static.de/1383228/20888662_digital-image.png"
"Pahmeyer Rosmarin-Kartoffeln 330g","Pahmeyer","4260177784721","2.29","330g (1 kg = 6,94 €)","Kochen & Backen","False","https://img.rewe-static.de/2369076/26308359_digital-image.png"
"Dr. Oetker Finesse Geriebene Orangenschale 18g","Dr. Oetker","4000521026134","0.99","18g (1 kg = 55 €)","Kochen & Backen","False","https://img.rewe-static.de/7956521/32477018_digital-image.png"
"Dr. Oetker High Protein Milchreis 104g","Dr. Oetker","4000521029487","1.99","104g (1 kg = 19,13 €)","Kochen & Backen","False","https://img.rewe-static.de/7855414/34630917_digital-image.png"
"Ruf Tortencreme Vanillegeschmack 100g","Ruf","4002809001253","1.39","100g (1 kg = 13,90 €)","Kochen & Backen","False","https://img.rewe-static.de/6691757/7456290_digital-image.png"
"Ben's Original Express Mexikanisch scharf 220g","Ben's Original","5010034015180","2.29","220g (1 kg = 10,41 €)","Kochen & Backen","False","https://img.rewe-static.de/8924638/39682595_digital-image.png"
"Dr. Oetker Kuchen Glasur Dunkel 150g","Dr. Oetker","4000521026448","1.99","150g (1 kg = 13,27 €)","Kochen & Backen","False","https://img.rewe-static.de/8500269/32477026_digital-image.png"
"Ben's Original Risi Bisi 220g","Ben's Original","3487400006387","2.29","220g (1 kg = 10,41 €)","Kochen & Backen","False","https://img.rewe-static.de/8938391/39491900_digital-image.png"
"Ruf Schokoladen ABC- Dekor 50g","Ruf","4002809004384","3.49","48g (1 kg = 72,71 €)","Kochen & Backen","False","https://img.rewe-static.de/7784791/31505303_digital-image.png"
"Dr. Oetker Zitronen Muffins Backmischung 455g","Dr. Oetker","4000521030179","2.22","455g (1 kg = 4,88 €)","Kochen & Backen","True","https://img.rewe-static.de/8741152/35802509_digital-image.png"
"Aurora Pizzamehl 1kg","Aurora","4000406002321","2.09","1000g","Kochen & Backen","False","https://img.rewe-static.de/1923982/23180582_digital-image.png"
"Ruf Trockenbackhefe 3x7g","Ruf","40352961","0.79","3x7g (1 kg = 37,62 €)","Kochen & Backen","False","https://img.rewe-static.de/6910572/7476220_digital-image.png"
"Ruf Pudding mit Vanillegeschmack 5 Stück","Ruf","40352015","0.79","5x37g (1 kg = 4,27 €)","Kochen & Backen","False","https://img.rewe-static.de/6691790/7476300_digital-image.png"
"Dr. Oetker Paradiescreme Dessert Weiße Schokolade 70g","Dr. Oetker","4000521463502","0.79","70g (1 kg = 11,29 €)","Kochen & Backen","True","https://img.rewe-static.de/0026880/2656720_digital-image.png"
"Ruf Feiner Pudding Bourbon-Vanille 114g","Ruf","40352145","1.09","3x38g (1 kg = 9,56 €)","Kochen & Backen","False","https://img.rewe-static.de/7008830/2469720_digital-image.png"
"Aurora Sonnenstern-Grieß Weichweizen 0,5kg","Aurora","4000406002277","1.39","500g (1 kg = 2,78 €)","Kochen & Backen","False","https://img.rewe-static.de/4804716/7479740_digital-image.png"
"Dr. Oetker Zitronen-Wolke Backmischung 430g","Dr. Oetker","4000521004828","3.79","430g (1 kg = 8,81 €)","Kochen & Backen","False","https://img.rewe-static.de/0730557/5820610_digital-image.png"
"Ostmann Vanille Aroma 20ml","Ostmann","4002674316193","2.29","20ml (1 l = 114,50 €)","Kochen & Backen","False","https://img.rewe-static.de/0567744/7472290_digital-image.png"
"Clasen Bio Kokosmehl 300g","CLASEN","4250038932538","3.79","300g (1 kg = 12,63 €)","Kochen & Backen","False","https://img.rewe-static.de/8144520/34672767_digital-image.png"
"3 Glocken Genuss Pur Korkenzieher 500g","3 Glocken","4002966004135","1.89","500g (1 kg = 3,78 €)","Kochen & Backen","False","https://img.rewe-static.de/8003050/4785050_digital-image.png"
"Dr. Oetker Paradiescreme Dessert Sahne-Karamell-Geschmack 65g","Dr. Oetker","4000521466404","0.79","65g (1 kg = 12,15 €)","Kochen & Backen","True","https://img.rewe-static.de/0182478/3240890_digital-image.png"
"REWE Beste Wahl Tortiglioni N°20 500g","REWE Beste Wahl","4337256798693","1.39","500g (1 kg = 2,78 €)","Kochen & Backen","False","https://img.rewe-static.de/2632461/24971045_digital-image.png"
"REWE Bio Bourbon Vanille Zucker 8g","REWE Bio","4388860416152","2.55","4x8g (1 kg = 79,69 €)","Kochen & Backen","False","https://img.rewe-static.de/8046482/30128115_digital-image.png"
"Dr. Oetker TortenCreme Schoko-Sahne mit Schokoflocken 150g","Dr. Oetker","4000521034375","1.79","150g (1 kg = 11,93 €)","Kochen & Backen","False","https://img.rewe-static.de/9003717/41393239_digital-image.png"
"Kaiser Natron Pulver 50g","Kaiser-Natron","4000401300101","0.79","50g (1 kg = 15,80 €)","Kochen & Backen","False","https://img.rewe-static.de/0228613/3256200_digital-image.png"
"REWE Beste Wahl Butter Vanille Aroma 8g","REWE Beste Wahl","4337256662253","0.79","8g","Kochen & Backen","False","https://img.rewe-static.de/9038950/40437350_digital-image.png"
"Fairtrade Original Bio Weiße Reisnudeln 225g","Fairtrade Original","8711741356555","3.29","225g (1 kg = 14,62 €)","Kochen & Backen","False","https://img.rewe-static.de/8039407/31502311_digital-image.png"
"Mondamin Feine Speisestärke 400g","Mondamin","4046800111047","1.59","400g (1 kg = 3,98 €)","Kochen & Backen","False","https://img.rewe-static.de/0953288/1880270_digital-image.png"
"Ruf Grießbrei 92g","Ruf","4002809021220","0.99","92g (1 kg = 10,76 €)","Kochen & Backen","False","https://img.rewe-static.de/4603052/23180443_digital-image.png"
"REWE frei von Bio Hafervollkornmehl glutenfrei 500g","REWE frei von","4337256419666","2.69","500g (1 kg = 5,38 €)","Kochen & Backen","False","https://img.rewe-static.de/8734281/36808075_digital-image.png"
"Dr. Oetker Milchreis nach klassischer Art 125g","Dr. Oetker","4000521770006","1.49","125g (1 kg = 11,92 €)","Kochen & Backen","False","https://img.rewe-static.de/4463021/2691240_digital-image.png"
"BioGourmet Bio Sesam 250g","BioGourmet","4039057401986","2.99","250g (1 kg = 11,96 €)","Kochen & Backen","False","https://img.rewe-static.de/1123513/9696910_digital-image.png"
"RUF Chocolate Chunks XXL weiß 100g","Ruf","4002809026119","1.99","100g (1 kg = 19,90 €)","Kochen & Backen","False","https://img.rewe-static.de/8959143/41787972_digital-image.png"
"REWE Beste Wahl Nuss-Nougat 150g","REWE Beste Wahl","4337256828925","1.79","150g (1 kg = 11,93 €)","Kochen & Backen","False","https://img.rewe-static.de/8012674/31026188_digital-image.png"
"Dr. Oetker Gelatine Fix 30g","Dr. Oetker","4000521722609","1.59","30g (1 kg = 53 €)","Kochen & Backen","False","https://img.rewe-static.de/7753144/2912250_digital-image.png"
"REWE Beste Wahl Lebensmittel Farbpasten in rot, grün, gelb & blau 4x10g","REWE Beste Wahl","4337256293303","2.29","4x10g (1 kg = 57,25 €)","Kochen & Backen","False","https://img.rewe-static.de/8023121/30799630_digital-image.png"
"Dr. Oetker Zuckerschrift 4 Farben 100g","Dr. Oetker","4000521006426","2.49","100g (1 kg = 24,90 €)","Kochen & Backen","False","https://img.rewe-static.de/1146344/11078840_digital-image.png"
"Dr. Oetker Kuchen Glasur Hell 150g","Dr. Oetker","4000521026417","1.99","150g (1 kg = 13,27 €)","Kochen & Backen","False","https://img.rewe-static.de/8537490/32477025_digital-image.png"
"Pickerd Lieblingsstreusel Knallkonfetti 110g","Pickerd","4022500140204","3.29","110g (1 kg = 29,91 €)","Kochen & Backen","False","https://img.rewe-static.de/8632974/33527604_digital-image.png"
"Birkel Spiralen 500g","Birkel","4002676212172","2.19","500g (1 kg = 4,38 €)","Kochen & Backen","False","https://img.rewe-static.de/9419535/24246347_digital-image.png"
"Dr. Oetker Milchreis Vanille-Geschmack 125g","Dr. Oetker","4000521770808","1.49","125g (1 kg = 11,92 €)","Kochen & Backen","False","https://img.rewe-static.de/5420750/7478090_digital-image.png"
"Fairtrade Original Bio Nudeln aus Naturreis vegan 225g","Fairtrade Original","8711741356579","3.49","225g (1 kg = 15,51 €)","Kochen & Backen","False","https://img.rewe-static.de/3611633/31502310_digital-image.png"
"Popp Rosmarin-Kartoffeln 530g","Popp","4045800760651","2.49","530g (1 kg = 4,70 €)","Kochen & Backen","False","https://img.rewe-static.de/0729397/9649350_digital-image.png"
"Pfanni Kartoffel Gratin 2x200g","Pfanni","4000400162397","2.49","400g (1 kg = 6,23 €)","Kochen & Backen","False","https://img.rewe-static.de/0532075/3870740_digital-image.png"
"Birkel Hörnchen Glutenfrei 350g","Birkel","4002676232033","2.19","350g (1 kg = 6,26 €)","Kochen & Backen","False","https://img.rewe-static.de/7089975/28377936_digital-image.png"
"Bamboo Garden Sesam weiß geröstet 200g","Bamboo Garden","4023900545002","3.29","200g (1 kg = 16,45 €)","Kochen & Backen","False","https://img.rewe-static.de/8316408/31552807_digital-image.png"
"REWE Bio Quinoa Weiß 500g","REWE Bio","4337256739351","2.29","500g (1 kg = 4,58 €)","Kochen & Backen","False","https://img.rewe-static.de/9029547/42309344_digital-image.png"
"Ruf Götterspeise Kirsch 2x12g","Ruf","40352312","0.99","2x12g (1 kg = 41,25 €)","Kochen & Backen","False","https://img.rewe-static.de/7009216/7479950_digital-image.png"
"Dr. Oetker Götterspeise Instant Waldmeister 500ml","Dr. Oetker","4000521003173","1.29","100ml (1 kg = 12,90 €)","Kochen & Backen","False","https://img.rewe-static.de/0502822/21089960_digital-image.png"
"Dr. Oetker Götterspeise Instant Kirsch 500ml","Dr. Oetker","4000521003159","1.29","100ml (1 kg = 12,90 €)","Kochen & Backen","False","https://img.rewe-static.de/0502823/22434802_digital-image.png"
"Slendier Bio Rice Style Shirataki glutenfrei 250g","NA","9346976000356","2.99","250g (1 kg = 11,96 €)","Kochen & Backen","False","https://img.rewe-static.de/2413411/25411606_digital-image.png"
"Dr. Oetker Käsekuchen Backmischung 580g","Dr. Oetker","4000521029920","2.22","580g (1 kg = 3,83 €)","Kochen & Backen","True","https://img.rewe-static.de/7802898/35802295_digital-image.png"
"Diamant Weizenmehl Type 550 1kg","Diamant","4000406002833","1.79","1000g","Kochen & Backen","False","https://img.rewe-static.de/8908702/850020_digital-image.png"
"REWE Bio Naturland Spaghetti Vollkorn 500g","REWE Bio","4337256496797","1.19","500g (1 kg = 2,38 €)","Kochen & Backen","False","https://img.rewe-static.de/8822896/37261414_digital-image.png"
"Biozentrale Bio Agavensirup 350g","biozentrale","4005009101143","3.99","350g (1 kg = 11,40 €)","Kochen & Backen","False","https://img.rewe-static.de/0908716/23474026_digital-image.png"
"REWE Bio Naturland Zitronenschale gerieben 5g","REWE Bio","4337256562638","0.99","2x5g (1 kg = 99 €)","Kochen & Backen","False","https://img.rewe-static.de/7718265/38930927_digital-image.png"
"REWE Bio Jasminreis weiß 500g","REWE Bio","4388860424416","1.89","500g (1 kg = 3,78 €)","Kochen & Backen","False","https://img.rewe-static.de/8714247/36263696_digital-image.png"
"REWE Beste Wahl Gnocchi 400g","REWE Beste Wahl","4337256678155","1.89","400g (1 kg = 4,73 €)","Kochen & Backen","False","https://img.rewe-static.de/0118000/23128380_digital-image.png"
"Birkel Spaghetti 500g","Birkel","4002676212004","2.19","500g (1 kg = 4,38 €)","Kochen & Backen","False","https://img.rewe-static.de/6434118/2327960_digital-image.png"
"REWE Beste Wahl Chocolate Brownies 350g","REWE Beste Wahl","4337256094078","2.29","350g (1 kg = 6,54 €)","Kochen & Backen","False","https://img.rewe-static.de/2281045/23295214_digital-image.png"
"Biozentrale Bio Couscous 400g","biozentrale","4005009105554","2.49","400g (1 kg = 6,23 €)","Kochen & Backen","False","https://img.rewe-static.de/1153275/23478790_digital-image.png"
"Ruf Gourmet Vanille Extrakt 77g","Ruf","40352602","4.99","77g (1 kg = 64,81 €)","Kochen & Backen","False","https://img.rewe-static.de/8615312/33965303_digital-image.png"
"REWE Bio Weizenmehl Type 550 1kg","REWE Bio","4337256521673","0.85","1000g","Kochen & Backen","False","https://img.rewe-static.de/0302161/1840000_digital-image.png"
"Dr. Oetker Götterspeise Himbeer-Geschmack 26,8g","Dr. Oetker","4000521026721","1.29","2x13,40g (1 kg = 48,13 €)","Kochen & Backen","False","https://img.rewe-static.de/8585991/33509027_digital-image.png"
"Pfanni Kartoffelpüree mit Räucherspeck & Zwiebeln 700g","Pfanni","4032600122185","2.29","NA","Kochen & Backen","False","https://img.rewe-static.de/9551867/29951387_digital-image.png"
"Ben's Original Spitzen-Langkorn-Reis im Kochbeutel 1kg","Ben's Original","5410673004437","4.49","1000g","Kochen & Backen","False","https://img.rewe-static.de/5771404/3927720_digital-image.png"
"Biozentrale Bio Amaranth Poffies 125g","biozentrale","4005009103239","2.49","125g (1 kg = 19,92 €)","Kochen & Backen","False","https://img.rewe-static.de/1177976/23477175_digital-image.png"
"REWE Beste Wahl Basmati Reis 500g","REWE Beste Wahl","4337256573757","2.49","4x125g (1 kg = 4,98 €)","Kochen & Backen","False","https://img.rewe-static.de/8886901/38596158_digital-image.png"
"Dr. Oetker Gala Pudding Bourbon-Vanille 111g, 3 Stück","Dr. Oetker","4000521223014","1.49","3x37g (1 kg = 13,42 €)","Kochen & Backen","False","https://img.rewe-static.de/4572220/1430300_digital-image.png"
"REWE Bio Fusilli Vollkorn Dinkel 500g","REWE Bio","4337256567251","1.55","500g (1 kg = 3,10 €)","Kochen & Backen","False","https://img.rewe-static.de/7050770/27995520_digital-image.png"
"Leimer Paniermehl 400g","Leimer","4000186014408","1.29","400g (1 kg = 3,23 €)","Kochen & Backen","False","https://img.rewe-static.de/4221095/2528960_digital-image.png"
"Dr. Oetker Dessert-Soße zum Kochen Vanille-Geschmack 3x17g","Dr. Oetker","4000521005177","0.99","3x17g (1 kg = 19,41 €)","Kochen & Backen","False","https://img.rewe-static.de/0182397/38344911_digital-image.png"
"Dr. Oetker Rum-Aroma 4 Stück","Dr. Oetker","4000521142810","0.99","NA","Kochen & Backen","False","https://img.rewe-static.de/8306389/1366530_digital-image.png"
"REWE Beste Wahl Tagliatelle N°304 500g","REWE Beste Wahl","4337256799843","1.89","500g (1 kg = 3,78 €)","Kochen & Backen","False","https://img.rewe-static.de/2632448/24971044_digital-image.png"
"Dr. Oetker Schoko-Wolke Backmischung 455g","Dr. Oetker","4000521004804","3.79","455g (1 kg = 8,33 €)","Kochen & Backen","False","https://img.rewe-static.de/0730555/5820580_digital-image.png"
"REWE Bio Backhefe 3x7g","REWE Bio","4337256232197","1.59","21g (1 kg = 75,71 €)","Kochen & Backen","False","https://img.rewe-static.de/7916631/33060760_digital-image.png"
"REWE Beste Wahl Brauner Rohrzucker 500g","REWE Beste Wahl","4337256363020","1.59","500g (1 kg = 3,18 €)","Kochen & Backen","False","https://img.rewe-static.de/8031611/31024036_digital-image.png"
"Ben's Original Original-Langkorn Reis im Beutel 10-Minuten 4x125g","Ben's Original","5410673004444","2.59","4x125g (1 kg = 5,18 €)","Kochen & Backen","False","https://img.rewe-static.de/7390947/33380838_digital-image.png"
"Dr. Oetker Original Pudding Vanille-Geschmack 3x37g","Dr. Oetker","4000521200213","0.99","3x37g (1 kg = 8,92 €)","Kochen & Backen","False","https://img.rewe-static.de/0182214/4784520_digital-image.png"
"REWE Beste Wahl Kalifornische Mandeln gehackt 100g","REWE Beste Wahl","4337256433419","1.59","100g (1 kg = 15,90 €)","Kochen & Backen","False","https://img.rewe-static.de/0994559/23407941_digital-image.png"
"Dr. Oetker Zucker Streusel 130g","Dr. Oetker","4000521027001","2.79","130g (1 kg = 21,46 €)","Kochen & Backen","False","https://img.rewe-static.de/8584988/33124676_digital-image.png"
"Oryza Risotto- & Paella-Reis 500g","Oryza","4006237640336","2.29","500g (1 kg = 4,58 €)","Kochen & Backen","False","https://img.rewe-static.de/5145384/2179460_digital-image.png"
"REWE Beste Wahl Risotto-Reis 500g","REWE Beste Wahl","4337256593793","1.99","500g (1 kg = 3,98 €)","Kochen & Backen","False","https://img.rewe-static.de/1421084/24233250_digital-image.png"
"Dr. Oetker Blattgelatine weiß 6 Stück","Dr. Oetker","4000521741006","0.99","10g (1 kg = 99 €)","Kochen & Backen","False","https://img.rewe-static.de/5317681/2850500_digital-image.png"
"REWE Bio Beluga Linsen 500g","REWE Bio","4388860081565","2.59","500g (1 kg = 5,18 €)","Kochen & Backen","False","https://img.rewe-static.de/7170158/28054297_digital-image.png"
"Dr. Oetker Finesse Natürliches Bourbon-Vanille Aroma 10g","Dr. Oetker","4000521026158","0.99","10g (1 kg = 99 €)","Kochen & Backen","False","https://img.rewe-static.de/7958384/32477023_digital-image.png"
"REWE Beste Wahl Schoko Tröpfchen Zartbitter 100g","REWE Beste Wahl","4337256468473","1.79","100g (1 kg = 17,90 €)","Kochen & Backen","False","https://img.rewe-static.de/8015140/30735378_digital-image.png"
"REWE Beste Wahl Basmati Reis im Kochbeutel 1kg","REWE Beste Wahl","4337256600132","4.49","1000g","Kochen & Backen","False","https://img.rewe-static.de/7700649/39124520_digital-image.png"
"Dr. Oetker Feine Marzipan-Rübli 42g","Dr. Oetker","4000521006280","2.99","42g (1 kg = 71,19 €)","Kochen & Backen","False","https://img.rewe-static.de/1146333/11078610_digital-image.png"
"Bensdorp Kakao 125g","Bensdorp","4001743754539","1.99","125g (1 kg = 15,92 €)","Kochen & Backen","False","https://img.rewe-static.de/3064189/25990463_digital-image.png"
"Küchenmeister Vitalbrot-Backmischung 500g","Küchenmeister","4006363101428","0.79","500g (1 kg = 1,58 €)","Kochen & Backen","False","https://img.rewe-static.de/9140417/2997880_digital-image.png"
"Pahmeyer Gemüsetaler 240g","Pahmeyer","4260177783168","1.99","240g (1 kg = 8,29 €)","Kochen & Backen","False","https://img.rewe-static.de/2601412/26839759_digital-image.png"
"REWE Bio + vegan Bio Backmischung Zimtschnecken 497g","REWE Bio","4337256696814","2.99","497g (1 kg = 6,02 €)","Kochen & Backen","False","https://img.rewe-static.de/8987471/41696593_digital-image.png"
"Ruf Götterspeise Waldmeister 2x12g","Ruf","40352336","0.99","2x12g (1 kg = 41,25 €)","Kochen & Backen","False","https://img.rewe-static.de/7009275/7479010_digital-image.png"
"REWE Beste Wahl Zartbitter-Kuvertüre 200g","REWE Beste Wahl","4337256819602","1.49","200g (1 kg = 7,45 €)","Kochen & Backen","False","https://img.rewe-static.de/0754918/32134242_digital-image.png"
"REWE Bio Penne Vollkorn 500g","REWE Bio","4337256561563","0.85","500g (1 kg = 1,70 €)","Kochen & Backen","False","https://img.rewe-static.de/7713655/39346292_digital-image.png"
"REWE Bio Dinkelmehl Type 630 1kg","REWE Bio","4337256027809","1.39","1000g","Kochen & Backen","False","https://img.rewe-static.de/2304849/23828163_digital-image.png"
"REWE Bio Quinoa Tricolore 400g","REWE Bio","4337256419116","1.85","400g (1 kg = 4,63 €)","Kochen & Backen","False","https://img.rewe-static.de/3269394/26440488_digital-image.png"
"REWE Beste Wahl Spaghetti N°3 500g","REWE Beste Wahl","4337256798235","1.39","500g (1 kg = 2,78 €)","Kochen & Backen","False","https://img.rewe-static.de/2632428/24971043_digital-image.png"
"REWE Beste Wahl Kartoffelpüree würzig & kräftig 225g","REWE Beste Wahl","4337256171908","1.69","225g (1 kg = 7,51 €)","Kochen & Backen","False","https://img.rewe-static.de/0885035/22908424_digital-image.png"
"Leimer Semmelbrösel aus frischem Weißbrot 400g","Leimer","4000186010400","1.29","400g (1 kg = 3,23 €)","Kochen & Backen","False","https://img.rewe-static.de/4970659/2219250_digital-image.png"
"REWE Bio Agavendicksaft 250ml","REWE Bio","4337256552059","1.79","250ml (1 l = 7,16 €)","Kochen & Backen","False","https://img.rewe-static.de/0940075/8106430_digital-image.png"
"REWE Bio Sesam ungeschält 500g","REWE Bio","4337256566742","2.29","500g (1 kg = 4,58 €)","Kochen & Backen","False","https://img.rewe-static.de/7996293/31612264_digital-image.png"
"Sweet Family Puderzucker 250g","Sweet Family","4008671045005","0.69","250g (1 kg = 2,76 €)","Kochen & Backen","False","https://img.rewe-static.de/0169021/775200_digital-image.png"
"REWE Beste Wahl Zucker-Sticks 250g","REWE Beste Wahl","4388860436884","1.89","250g (1 kg = 7,56 €)","Kochen & Backen","False","https://img.rewe-static.de/0114109/22880393_digital-image.png"
"Ruf Choco-Chunks XXL Zartbitter 100g","Ruf","4002809024283","1.99","100g (1 kg = 19,90 €)","Kochen & Backen","False","https://img.rewe-static.de/2201314/23298698_digital-image.png"
"Aurora Dinkelmehl Type 630 1kg","Aurora","4000406072850","2.49","1000g","Kochen & Backen","False","https://img.rewe-static.de/4646665/7459200_digital-image.png"
"Reis-fit Basmati-Reis 4x125g","Reis-Fit","4006237090087","2.99","4x125g (1 kg = 5,98 €)","Kochen & Backen","False","https://img.rewe-static.de/0590649/7456320_digital-image.png"
"Grafschafter Goldsaft Zuckerrübensirup 500g","Grafschafter","4000412010907","2.19","500g (1 kg = 4,38 €)","Kochen & Backen","False","https://img.rewe-static.de/6993257/7477770_digital-image.png"
"Pfanni Kartoffel Püree Herzhaft 3x3 Portionen","Pfanni","4000400124968","2.49","NA","Kochen & Backen","False","https://img.rewe-static.de/3776689/3840480_digital-image.png"
"Diamond Glasnudeln lang 100g","Diamond","4316734073880","0.99","100g (1 kg = 9,90 €)","Kochen & Backen","False","https://img.rewe-static.de/1146150/23926126_digital-image.png"
"Birkel Buchstaben-Nudeln 250g","Birkel","4002676210604","1.49","250g (1 kg = 5,96 €)","Kochen & Backen","False","https://img.rewe-static.de/4758609/23255146_digital-image.png"
"Müller's Mühle Perlgraupen 250g","Müller's Mühle","4000286203498","1.19","250g (1 kg = 4,76 €)","Kochen & Backen","False","https://img.rewe-static.de/5010640/1425780_digital-image.png"
"REWE Beste Wahl Kuchenglasur Alpenvollmilch 100g","REWE Beste Wahl","4337256188180","0.99","100g (1 kg = 9,90 €)","Kochen & Backen","False","https://img.rewe-static.de/7290843/28766339_digital-image.png"
"Ben's Original Express Basmati Reis 220g","Ben's Original","3487400006325","2.29","220g (1 kg = 10,41 €)","Kochen & Backen","False","https://img.rewe-static.de/9024740/39416792_digital-image.png"
"Müller's Mühle Rote Linsen 500g","Müller's Mühle","4000286221126","1.99","500g (1 kg = 3,98 €)","Kochen & Backen","False","https://img.rewe-static.de/3577287/6651030_digital-image.png"
"REWE Bio Goldhirse 800g","REWE Bio","4337256608213","1.69","800g (1 kg = 2,11 €)","Kochen & Backen","False","https://img.rewe-static.de/7700464/39931640_digital-image.png"
"Dr. Oetker Grießbrei nach klassischer Art 92g","Dr. Oetker","4000521771003","1.49","92g (1 kg = 16,20 €)","Kochen & Backen","False","https://img.rewe-static.de/4463048/2740700_digital-image.png"
"Barilla Al Bronzo Spaghetti Nr. 305 500g","Barilla","8076809585194","2.49","500g (1 kg = 4,98 €)","Kochen & Backen","False","https://img.rewe-static.de/9942553/46661302_digital-image.png"
"Dr. Oetker Original Backin 49g, 3 Beutel","Dr. Oetker","4000521102517","0.59","49g (1 kg = 12,04 €)","Kochen & Backen","False","https://img.rewe-static.de/0182150/7476790_digital-image.png"
"Diamond Mie Noodles 250g","Diamond","6901017321048","1.69","250g (1 kg = 6,76 €)","Kochen & Backen","False","https://img.rewe-static.de/8569590/32343589_digital-image.png"
"REWE Beste Wahl Weizenmehl Type 405 1kg","REWE Beste Wahl","4337256000567","0.99","1000kg","Kochen & Backen","False","https://img.rewe-static.de/1211124/15934640_digital-image.png"
"Sweet Family Feiner Zucker 1kg","Sweet Family","4008671033002","1.49","1000g","Kochen & Backen","False","https://img.rewe-static.de/4958179/1698280_digital-image.png"
"REWE Beste Wahl Blaumohn ganze Samen 250g","REWE Beste Wahl","4337256772945","2.49","250g (1 kg = 9,96 €)","Kochen & Backen","False","https://img.rewe-static.de/8737648/36263652_digital-image.png"
"Dr. Oetker Bourbon Vanille-Extrakt 35ml","Dr. Oetker","4000521020323","2.99","35ml (1 l = 85,43 €)","Kochen & Backen","False","https://img.rewe-static.de/7201507/27841366_digital-image.png"
"Pahmeyer Reibekuchen Minis 300g","Pahmeyer","4260177783182","2.29","300g (1 kg = 7,63 €)","Kochen & Backen","False","https://img.rewe-static.de/2655602/27002775_digital-image.png"
"Dr. Oetker Milchnudeln Vanille-Geschmack 116g","Dr. Oetker","4000521774004","1.49","116g (1 kg = 12,84 €)","Kochen & Backen","False","https://img.rewe-static.de/7071620/7479210_digital-image.png"
"Ruf Schokotröpfchen Zartbitter 100g","Ruf","4002809024306","1.99","100g (1 kg = 19,90 €)","Kochen & Backen","False","https://img.rewe-static.de/2201312/22948970_digital-image.png"
"Campo Verde Bio Demeter Rote Linsen 400g","Campo Verde","4045178011737","2.99","400g (1 kg = 7,48 €)","Kochen & Backen","False","https://img.rewe-static.de/8967546/40549045_digital-image.png"
"Mondamin Grießbrei Klassische Art 89g","Mondamin","4046800110750","1.49","89g (1 kg = 16,74 €)","Kochen & Backen","False","https://img.rewe-static.de/3703690/4774030_digital-image.png"
"Dr. Oetker Vanillin-Zucker 41g, 5 Päckchen","Dr. Oetker","4000521122010","0.79","5x8g (1 kg = 19,75 €)","Kochen & Backen","False","https://img.rewe-static.de/0182168/1031480_digital-image.png"
"Barilla Albronzo Spaghettoni 500g","Barilla","8076809585385","2.49","500g (1 kg = 4,98 €)","Kochen & Backen","False","https://img.rewe-static.de/9942662/47169939_digital-image.png"
"Müller's Mühle Teller-Linsen 500g","Müller's Mühle","4000286216979","1.99","500g (1 kg = 3,98 €)","Kochen & Backen","False","https://img.rewe-static.de/8114340/6831180_digital-image.png"
"Henglein Kartoffel-Gnocchi 500g","Henglein","4001163134218","2.99","500g (1 kg = 5,98 €)","Kochen & Backen","False","https://img.rewe-static.de/2055243/22155068_digital-image.png"
"REWE Beste Wahl Weiße Kuchenglasur Bourbon-Vanille 100g","REWE Beste Wahl","4337256192873","0.99","100g (1 kg = 9,90 €)","Kochen & Backen","False","https://img.rewe-static.de/1208529/21487143_digital-image.png"
"Dr. Oetker Butter-Vanille-Aroma 4 Stück","Dr. Oetker","4000521144814","0.99","NA","Kochen & Backen","False","https://img.rewe-static.de/1481509/3346930_digital-image.png"
"Nordzucker Sweet Family Brauner Zucker 1100g","Sweet Family","4008671023065","2.49","1100g (1 kg = 2,26 €)","Kochen & Backen","False","https://img.rewe-static.de/9929850/46476323_digital-image.png"
"REWE Bio Berglinsen 500g","REWE Bio","4337256787758","1.65","500g (1 kg = 3,30 €)","Kochen & Backen","False","https://img.rewe-static.de/9066669/42980869_digital-image.png"
"REWE Bio Vollkorn-Semmelbrösel 200g","REWE Bio","4337256244374","0.99","200g (1 kg = 4,95 €)","Kochen & Backen","False","https://img.rewe-static.de/0271876/12975110_digital-image.png"
"REWE Bio Kichererbsen 500g","REWE Bio","4337256801003","1.79","500g (1 kg = 3,58 €)","Kochen & Backen","False","https://img.rewe-static.de/9067761/42980830_digital-image.png"
"Nordzucker Sweet Family Bio Rübenzucker 1kg","Sweet Family","4008671725723","1.99","1000g","Kochen & Backen","False","https://img.rewe-static.de/8096916/29278224_digital-image.png"
"Ruf Raspel-Schokolade Zartbitter 100g","Ruf","4002809024337","1.99","100g (1 kg = 19,90 €)","Kochen & Backen","False","https://img.rewe-static.de/2201308/23214937_digital-image.png"
"Zentis Feine Marzipan-Rohmasse 200g","Zentis","4002575043297","1.99","200g (1 kg = 9,95 €)","Kochen & Backen","False","https://img.rewe-static.de/4443845/3328720_digital-image.png"
"REWE Beste Wahl Natron 50g","REWE Beste Wahl","4337256830126","0.69","50g (1 kg = 13,80 €)","Kochen & Backen","False","https://img.rewe-static.de/9093521/43852433_digital-image.png"
"Oryza Natur-Reis 1kg","Oryza","4006237630115","2.99","1000g","Kochen & Backen","False","https://img.rewe-static.de/5272319/3311040_digital-image.png"
"Dr. Oetker Seelenwärmer Pudding Sahne-Mandel-Geschmack 59g","Dr. Oetker","4000521021344","0.79","58g (1 kg = 13,62 €)","Kochen & Backen","True","https://img.rewe-static.de/7289392/28527243_digital-image.png"
"REWE Bio Naturland Linguine 500g","REWE Bio","4337256588782","0.85","500g (1 kg = 1,70 €)","Kochen & Backen","False","https://img.rewe-static.de/8972250/39569981_digital-image.png"
"Grafschafter Goldsaft Zuckerrübensirup 450g","Grafschafter","4000412010266","1.79","450g (1 kg = 3,98 €)","Kochen & Backen","False","https://img.rewe-static.de/0368458/2160200_digital-image.png"
"Müller's Mühle Grüne Erbsen 500g","Müller's Mühle","4000286216993","1.99","500g (1 kg = 3,98 €)","Kochen & Backen","False","https://img.rewe-static.de/8109214/6614740_digital-image.png"
"De Cecco Rigatoni Nr.24 500g","De Cecco","8001250120243","2.49","500g (1 kg = 4,98 €)","Kochen & Backen","False","https://img.rewe-static.de/3742032/33053012_digital-image.png"
"Maitre Marcel Zuckercouleur 40ml","Maitre Marcel","4013200381103","1.69","40ml (1 l = 42,25 €)","Kochen & Backen","False","https://img.rewe-static.de/5735564/24078502_digital-image.png"
"Ruf Bio Orangen Schale gerieben 5g","Ruf","40352213","0.89","5g","Kochen & Backen","False","https://img.rewe-static.de/8056724/31505305_digital-image.png"
"REWE Bio Rohrrohrzucker 1kg","REWE Bio","4337256525282","2.69","1kg","Kochen & Backen","False","https://img.rewe-static.de/8849805/39968808_digital-image.png"
"Pfanni Kartoffelpüree Das Lockere 3x3 Portionen","Pfanni","4032600122055","2.49","NA","Kochen & Backen","False","https://img.rewe-static.de/0184764/28094262_digital-image.png"
"Ruf Feine Speisestärke 400g","Ruf","4002809001291","1.49","400g (1 kg = 3,73 €)","Kochen & Backen","False","https://img.rewe-static.de/7784813/7320380_digital-image.png"
"Schapfen Mühle Leinsamen geschrotet 200g","Schapfen Mühle","4000950072207","0.99","200g (1 kg = 4,95 €)","Kochen & Backen","False","https://img.rewe-static.de/0400619/17792220_digital-image.png"
"De Cecco Bio Spaghetti Nr. 12 500g","De Cecco","8001250060129","2.69","500g (1 kg = 5,38 €)","Kochen & Backen","False","https://img.rewe-static.de/0473795/44009085_digital-image.png"
"Bauckhof Bio Buchweizen Mehl glutenfrei 500g","Bauckhof","4015637822907","3.49","500g (1 kg = 6,98 €)","Kochen & Backen","False","https://img.rewe-static.de/0397424/25287370_digital-image.png"
"REWE frei von Fusilli glutenfrei 500g","REWE frei von","4337256865883","1.59","500g (1 kg = 3,18 €)","Kochen & Backen","False","https://img.rewe-static.de/1290473/27652837_digital-image.png"
"REWE Bio Bulgur 500g","REWE Bio","4337256560771","1.39","500g (1 kg = 2,78 €)","Kochen & Backen","False","https://img.rewe-static.de/7171655/28150481_digital-image.png"
"Barilla Integrale Vollkorn Fusilli 500g","Barilla","8076809529457","2.59","500g (1 kg = 5,18 €)","Kochen & Backen","False","https://img.rewe-static.de/5654270/27822223_digital-image.png"
"REWE Beste Wahl-Express Reis Mediterran 250g","REWE Beste Wahl","4337256418287","1.29","250g (1 kg = 5,16 €)","Kochen & Backen","False","https://img.rewe-static.de/7191832/27683120_digital-image.png"
"Ruf Unser Regenbogenkuchen 840g","Ruf","4002809034398","3.29","840g (1 kg = 3,92 €)","Kochen & Backen","False","https://img.rewe-static.de/2230606/23298676_digital-image.png"
"Dovgan Buchweizen 1kg","Dovgan","4032549002340","3.99","1000g","Kochen & Backen","False","https://img.rewe-static.de/1248596/2747650_digital-image.png"
"REWE frei von Gnocchi glutenfrei 400g","REWE frei von","4337256678681","1.99","400g (1 kg = 4,98 €)","Kochen & Backen","False","https://img.rewe-static.de/8333819/30939207_digital-image.png"
"Dr. Oetker Sahnesteif 5 Stück","Dr. Oetker","4000521170516","0.79","5x8g (1 kg = 19,75 €)","Kochen & Backen","False","https://img.rewe-static.de/0182192/3383690_digital-image.png"
"REWE Beste Wahl Tortellini bunt 250g","REWE Beste Wahl","4337256517638","1.39","250g (1 kg = 5,56 €)","Kochen & Backen","False","https://img.rewe-static.de/2027362/23206099_digital-image.png"
"Barilla Penne glutenfrei 400g","Barilla","8076809545457","3.39","400g (1 kg = 8,48 €)","Kochen & Backen","False","https://img.rewe-static.de/2167563/23741731_digital-image.png"
"Mondamin Milchreis Klassische Art 125g","Mondamin","4046800110743","1.49","125g (1 kg = 11,92 €)","Kochen & Backen","False","https://img.rewe-static.de/3703738/34854536_digital-image.png"
"REWE Beste Wahl Haselnusskerne geröstet & gehackt 100g","REWE Beste Wahl","4337256415101","1.99","100g (1 kg = 19,90 €)","Kochen & Backen","False","https://img.rewe-static.de/8330642/30185799_digital-image.png"
"Barilla Spaghetti glutenfrei 400g","Barilla","8076809545440","3.39","400g (1 kg = 8,48 €)","Kochen & Backen","False","https://img.rewe-static.de/2167566/23715522_digital-image.png"
"Oryza Basmati- & Wildreis 500g","Oryza","4006237640404","2.29","500g (1 kg = 4,58 €)","Kochen & Backen","False","https://img.rewe-static.de/7300140/7463100_digital-image.png"
"REWE Beste Wahl Express Reis Curry 250g","REWE Beste Wahl","4337256568074","1.29","250g (1 kg = 5,16 €)","Kochen & Backen","False","https://img.rewe-static.de/8957000/38111204_digital-image.png"
"Seeberger Leinsamen 250g","Seeberger","4008258502006","1.29","250g (1 kg = 5,16 €)","Kochen & Backen","False","https://img.rewe-static.de/7090026/28970415_digital-image.png"
"REWE Beste Wahl Express Reis Mexikanische Art 250g","REWE Beste Wahl","4337256562423","1.29","250g (1 kg = 5,16 €)","Kochen & Backen","False","https://img.rewe-static.de/7715995/38335294_digital-image.png"
"REWE Beste Wahl Bourbon Vanille Paste 50g","REWE Beste Wahl","4337256534314","2.79","50g (1 kg = 55,80 €)","Kochen & Backen","False","https://img.rewe-static.de/8852341/37721042_digital-image.png"
"Dr. Oetker Paradiescreme Dessert Stracciatella 66g","Dr. Oetker","4000521466503","0.79","66g (1 kg = 11,97 €)","Kochen & Backen","True","https://img.rewe-static.de/2572710/2057780_digital-image.png"
"Ruf Choco-Chunks Vollmilch 100g","Ruf","4002809024276","1.99","100g (1 kg = 19,90 €)","Kochen & Backen","False","https://img.rewe-static.de/2201316/23298670_digital-image.png"
"Dr. Oetker Soße ohne Kochen Bourbon-Vanille 39g","Dr. Oetker","4000521009441","1.39","39g (1 kg = 35,64 €)","Kochen & Backen","False","https://img.rewe-static.de/1343622/20243189_digital-image.png"
"Dr. Oetker Tortenguss klar 36g","Dr. Oetker","4000521160418","0.79","3x12g (1 kg = 21,94 €)","Kochen & Backen","False","https://img.rewe-static.de/0182176/1039140_digital-image.png"
"REWE Beste Wahl Kuchenglasur dunkel 100g","REWE Beste Wahl","4337256181815","0.99","100g (1 kg = 9,90 €)","Kochen & Backen","False","https://img.rewe-static.de/7287945/28766338_digital-image.png"
"REWE Beste Wahl Kalifornische Mandeln gehobelt 100g","REWE Beste Wahl","4337256434867","1.59","100g (1 kg = 15,90 €)","Kochen & Backen","False","https://img.rewe-static.de/0994582/23407959_digital-image.png"
"Küchle San-apart 125g","Küchle","40356709","1.19","125g (1 kg = 9,52 €)","Kochen & Backen","False","https://img.rewe-static.de/0160334/6789650_digital-image.png"
"Pfanni Bauernfrühstück Bratkartoffeln mit Speck und Ei 400g","Pfanni","4000400121868","2.49","400g (1 kg = 6,23 €)","Kochen & Backen","False","https://img.rewe-static.de/1953435/1051460_digital-image.png"
"Dr. Oetker Tortenguss Erdbeer 36g","Dr. Oetker","4000521021603","0.79","3x12,50g (1 kg = 21,07 €)","Kochen & Backen","False","https://img.rewe-static.de/1103601/3086840_digital-image.png"
"Ruf Götterspeise Zitrone 2x12g","Ruf","40352329","0.99","2x12g (1 kg = 41,25 €)","Kochen & Backen","False","https://img.rewe-static.de/7009232/22424624_digital-image.png"
"Schär Mix C Kuchen & Kekse glutenfrei 1kg","Schär","8008698004869","3.99","1000g","Kochen & Backen","False","https://img.rewe-static.de/1108111/22762735_digital-image.png"
"Dr. Oetker Feine Marzipan Decke 300g","Dr. Oetker","4000521022297","5.49","300g (1 kg = 18,30 €)","Kochen & Backen","False","https://img.rewe-static.de/8301959/29671619_digital-image.png"
"Sweet Family Nordzucker Kluntje Kandis 1kg","Sweet Family","4008671016104","3.29","1000g","Kochen & Backen","False","https://img.rewe-static.de/4958152/7461390_digital-image.png"
"REWE Bio Chia-Samen 300g","REWE Bio","4337256643962","1.85","300g (1 kg = 6,17 €)","Kochen & Backen","False","https://img.rewe-static.de/8185452/28936661_digital-image.png"
"Barilla Lasagne glutenfrei 250g","Barilla","8076809576352","3.79","250g (1 kg = 15,16 €)","Kochen & Backen","False","https://img.rewe-static.de/8320460/30650943_digital-image.png"
"Ben's Original Express Langkorn Reis 220g","Ben's Original","3487400006318","2.29","220g (1 kg = 10,41 €)","Kochen & Backen","False","https://img.rewe-static.de/8938353/40366989_digital-image.png"
"Dr. Oetker Kuvertüre Vollmilch 150g","Dr. Oetker","4000521007003","2.79","150g (1 kg = 18,60 €)","Kochen & Backen","False","https://img.rewe-static.de/1146827/11081440_digital-image.png"
"Dr. Oetker Kuvertüre Weiß 150g","Dr. Oetker","4000521007249","2.79","150g (1 kg = 18,60 €)","Kochen & Backen","False","https://img.rewe-static.de/1146825/11081330_digital-image.png"
"Ruf Tonka-Zucker mit echter Vanille 3x8g","Ruf","40352442","0.99","3x8g (1 kg = 41,25 €)","Kochen & Backen","False","https://img.rewe-static.de/3282837/30324738_digital-image.png"
"Nordzucker Bioland brauner Zucker 500g","NA","4008671730611","1.79","500g (1 kg = 3,58 €)","Kochen & Backen","False","https://img.rewe-static.de/8957521/40286323_digital-image.png"
"Oryza Himalaya Basmati +10% 1,1kg","Oryza","4006237641494","4.49","1100g (1 kg = 4,08 €)","Kochen & Backen","False","https://img.rewe-static.de/7140648/27195794_digital-image.png"
"Dr. Oetker Vanillin-Zucker 83g, 10 Beutel","Dr. Oetker","4000521123017","1.29","10x8g (1 kg = 16,13 €)","Kochen & Backen","False","https://img.rewe-static.de/4615603/8925700_digital-image.png"
"Dr. Oetker Original Backin 160g, 10 Beutel","Dr. Oetker","4000521103019","1.29","10x16g (1 kg = 8,06 €)","Kochen & Backen","False","https://img.rewe-static.de/4615794/1031460_digital-image.png"
"REWE Beste Wahl Geschabte Spätzle 500g","REWE Beste Wahl","4337256799287","1.69","500g (1 kg = 3,38 €)","Kochen & Backen","False","https://img.rewe-static.de/3251199/27173634_digital-image.png"
"REWE Bio Reinweinstein Backpulver vegan 4x16g","REWE Bio","4337256406024","0.85","4x16g (1 kg = 13,28 €)","Kochen & Backen","False","https://img.rewe-static.de/7823085/36139218_digital-image.png"
"REWE Beste Wahl Kalifornische Mandeln gemahlen 100g","REWE Beste Wahl","4337256436137","1.59","100g (1 kg = 15,90 €)","Kochen & Backen","False","https://img.rewe-static.de/0994552/23407940_digital-image.png"
"Ben's Original Mexikanisch 220g","Ben's Original","3487400006349","2.29","220g (1 kg = 10,41 €)","Kochen & Backen","False","https://img.rewe-static.de/7677175/39491885_digital-image.png"
"Reis-Fit Express Basmati-Reis 250g","Reis-Fit","4006237642118","1.29","250g (1 kg = 5,16 €)","Kochen & Backen","True","https://img.rewe-static.de/8379872/30355654_digital-image.png"
"Küchenmeister Bauernbrot-Backmischung 500g","Küchenmeister","4006363101404","0.79","500g (1 kg = 1,58 €)","Kochen & Backen","False","https://img.rewe-static.de/9140190/3403840_digital-image.png"
"REWE Beste Wahl Mini Marshmallows Weiss & Rosa 100g","REWE Beste Wahl","4337256675642","1.19","100g (1 kg = 11,90 €)","Kochen & Backen","False","https://img.rewe-static.de/8119866/28919395_digital-image.png"
"REWE Beste Wahl Weiße Schokoladen-Kuvertüre 200g","REWE Beste Wahl","4337256822381","1.49","200g (1 kg = 7,45 €)","Kochen & Backen","False","https://img.rewe-static.de/0754925/23928210_digital-image.png"
"Pfanni Kartoffelfertiggericht Bratkartoffeln Die Herzhaften 2 Portionen","Pfanni","4032600123014","2.49","400g (1 kg = 6,23 €)","Kochen & Backen","False","https://img.rewe-static.de/3759040/4778380_digital-image.png"
"REWE Beste Wahl Mandeln gestiftelt 100g","REWE Beste Wahl","4337256428521","1.59","100g (1 kg = 15,90 €)","Kochen & Backen","False","https://img.rewe-static.de/0994589/23407622_digital-image.png"
"Barilla Al Bronzo Mezzi Rigatoni Nr. 322 500g","Barilla","8076809585224","2.49","500g (1 kg = 4,98 €)","Kochen & Backen","False","https://img.rewe-static.de/9942778/46661184_digital-image.png"
"Biozentrale Bio Sesam 250g","biozentrale","4005009106841","2.69","250g (1 kg = 10,76 €)","Kochen & Backen","False","https://img.rewe-static.de/1265404/23178968_digital-image.png"
"Wawi Blockschokolade Zartbitter 200g","Wawi","4006814001796","2.99","200g (1 kg = 14,95 €)","Kochen & Backen","False","https://img.rewe-static.de/0379441/870490_digital-image.png"
"borchers Bio Xylit Birkenzucker 250g","borchers fine food GmbH & Co. KG","4260175671986","4.79","250g (1 kg = 19,16 €)","Kochen & Backen","False","https://img.rewe-static.de/7646383/41020100_digital-image.png"
"Küchenmeister Weißbrot-Backmischung 500g","Küchenmeister","4006363101442","0.79","500g (1 kg = 1,58 €)","Kochen & Backen","False","https://img.rewe-static.de/2924129/725060_digital-image.png"
"Ruf Schokoladen Streusel 200g","Ruf","4002809024795","2.49","200g (1 kg = 12,45 €)","Kochen & Backen","False","https://img.rewe-static.de/3279476/26686350_digital-image.png"
"Dr. Oetker Pfannkuchen 190g","Dr. Oetker","4000521774400","1.49","190g (1 kg = 7,84 €)","Kochen & Backen","False","https://img.rewe-static.de/7767056/22457693_digital-image.png"
"REWE Beste Wahl Bittermandel Aroma 8g","REWE Beste Wahl","4337256653343","0.79","8g","Kochen & Backen","False","https://img.rewe-static.de/7666932/40437321_digital-image.png"
"Sweet Family Bio Puderzucker 250g","Sweet Family","4008671727529","0.99","250g (1 kg = 3,96 €)","Kochen & Backen","False","https://img.rewe-static.de/8546689/33205656_digital-image.png"
"Dr. Oetker Back- & Speisefarben 4 Stück 80g","Dr. Oetker","4000521026509","3.99","80g (1 kg = 49,88 €)","Kochen & Backen","False","https://img.rewe-static.de/8500035/32476876_digital-image.png"
"Reis-fit Natur-Reis vorgegart 4x125g","Reis-Fit","4006237090193","1.99","4x125g (1 kg = 3,98 €)","Kochen & Backen","False","https://img.rewe-static.de/0026304/8887050_digital-image.png"
"Maggi Kartoffel Knödel Halb & Halb 200g","Maggi","4005500325352","1.99","200g (1 kg = 9,95 €)","Kochen & Backen","False","https://img.rewe-static.de/4188373/3536080_digital-image.png"
"Oryza Spitzen-Langkorn-Reis 500g","Oryza","4006237600019","1.69","500g (1 kg = 3,38 €)","Kochen & Backen","False","https://img.rewe-static.de/5272220/22002986_digital-image.png"
"De Cecco Bio Fusilli Nr. 34 500g","De Cecco","8001250060341","2.69","500g (1 kg = 5,38 €)","Kochen & Backen","False","https://img.rewe-static.de/0473793/44009082_digital-image.png"
"Pfanni Kartoffelknödel der Rohe 200g","Pfanni","4000400130655","1.99","200g (1 kg = 9,95 €)","Kochen & Backen","False","https://img.rewe-static.de/8003475/2953810_digital-image.png"
"Ruf Haselnuss Krokant 150g","Ruf","4002809004346","1.79","150g (1 kg = 11,93 €)","Kochen & Backen","False","https://img.rewe-static.de/7005318/22600618_digital-image.png"
"Ruf Bio Bourbon Vanille-Zucker 24g","Ruf","40352596","1.29","24g (1 kg = 53,75 €)","Kochen & Backen","False","https://img.rewe-static.de/7901932/43446897_digital-image.png"
"REWE Beste Wahl Streudekor Glamour Mix 120g","REWE Beste Wahl","21540585","1.99","140g (1 kg = 14,21 €)","Kochen & Backen","False","https://img.rewe-static.de/8257081/28976495_digital-image.png"
"Dr. Oetker Weiße Fondant Decke 450g","Dr. Oetker","4000521022273","4.99","450g (1 kg = 11,09 €)","Kochen & Backen","False","https://img.rewe-static.de/8293500/29072170_digital-image.png"
"REWE Beste Wahl Weisser Fondant ohne Palmöl 250g","REWE Beste Wahl","4337256230919","1.69","250g (1 kg = 6,76 €)","Kochen & Backen","False","https://img.rewe-static.de/8415176/31099220_digital-image.png"
"Ruf Milchreis Vanille 125g","Ruf","4002809018046","0.99","125g (1 kg = 7,92 €)","Kochen & Backen","False","https://img.rewe-static.de/2275655/24095123_digital-image.png"
"Dr. Oetker Soße ohne Kochen Vanille-Geschmack 39g","Dr. Oetker","4000521607500","0.99","39g (1 kg = 25,38 €)","Kochen & Backen","False","https://img.rewe-static.de/8897697/907990_digital-image.png"
"REWE Beste Wahl Express Basmati Reis 250g","REWE Beste Wahl","4337256423199","1.29","250g (1 kg = 5,16 €)","Kochen & Backen","False","https://img.rewe-static.de/7873673/34249417_digital-image.png"
"REWE Beste Wahl Panko Paniermehl 140g","REWE Beste Wahl","4337256800686","0.99","140g (1 kg = 7,07 €)","Kochen & Backen","False","https://img.rewe-static.de/2666357/25003598_digital-image.png"
"REWE Bio Leinsamen geschrotet 400g","REWE Bio","4337256788885","1.99","400g (1 kg = 4,98 €)","Kochen & Backen","False","https://img.rewe-static.de/7595609/42980928_digital-image.png"
"REWE Beste Wahl Linguine N°6 500g","REWE Beste Wahl","4388844202122","1.39","500g (1 kg = 2,78 €)","Kochen & Backen","False","https://img.rewe-static.de/2631993/24971047_digital-image.png"
"REWE Bio Weizen-Vollkornmehl 1kg","REWE Bio","4337256760812","0.85","1000g","Kochen & Backen","False","https://img.rewe-static.de/3100598/26130260_digital-image.png"
"Bio Spezial Mehl für Pizza Typ 00 1kg","NA","4006363113872","1.69","1000g","Kochen & Backen","False","https://img.rewe-static.de/8910703/38955565_digital-image.png"
"REWE Beste Wahl Udon Nudeln 300g","REWE Beste Wahl","4337256813716","1.19","300g (1 kg = 3,97 €)","Kochen & Backen","False","https://img.rewe-static.de/9084422/44265927_digital-image.png"
"REWE Bio Weizenmehl Type 1050 1kg","REWE Bio","4337256750165","0.85","1000g","Kochen & Backen","False","https://img.rewe-static.de/7621838/42148716_digital-image.png"
"REWE frei von Spaghetti glutenfrei 500g","REWE frei von","4337256991742","1.59","500g (1 kg = 3,18 €)","Kochen & Backen","False","https://img.rewe-static.de/1290472/17237900_digital-image.png"
"Küchenmeister Vollkornbrot-Backmischung 500g","Küchenmeister","4006363101435","0.79","500g (1 kg = 1,58 €)","Kochen & Backen","False","https://img.rewe-static.de/9140310/2339210_digital-image.png"
"REWE Beste Wahl Sushi Reis 500g","REWE Beste Wahl","4337256821452","1.79","500g (1 kg = 3,58 €)","Kochen & Backen","False","https://img.rewe-static.de/9084014/45313168_digital-image.png"
"REWE Bio Kakao 125g","REWE Bio","4337256845038","2.19","125g (1 kg = 17,52 €)","Kochen & Backen","False","https://img.rewe-static.de/8953870/39015238_digital-image.png"
"REWE Regional Reibekuchen 640g","REWE Regional","4337256165082","3.49","640g (1 kg = 5,45 €)","Kochen & Backen","False","https://img.rewe-static.de/7950309/32169595_digital-image.png"
"Ben's Original Basmati-Reis 500g","Ben's Original","5410673004574","3.49","500g (1 kg = 6,98 €)","Kochen & Backen","False","https://img.rewe-static.de/1111914/37960894_digital-image.png"
"REWE Beste Wahl Raspelschokolade Vollmilch 100g","REWE Beste Wahl","4337256471220","1.79","100g (1 kg = 17,90 €)","Kochen & Backen","False","https://img.rewe-static.de/2241405/23236474_digital-image.png"
"Dr. Oetker Marmor Kuchen Backmischung 475g","Dr. Oetker","4000521030001","2.22","475g (1 kg = 4,67 €)","Kochen & Backen","True","https://img.rewe-static.de/8745344/35627008_digital-image.png"
"Dr. Oetker Original Pudding Schokolade 3x37g","Dr. Oetker","4000521211011","0.99","3x44,50g (1 kg = 7,42 €)","Kochen & Backen","False","https://img.rewe-static.de/0182265/1238730_digital-image.png"
"REWE Feine Welt gefüllte Gnocchi 400g","REWE Feine Welt","4337256505345","2.99","400g (1 kg = 7,48 €)","Kochen & Backen","False","https://img.rewe-static.de/7290906/28467043_digital-image.png"
"REWE Bio Basmati Expressreis 250g","REWE Bio","4337256708395","1.49","250g (1 kg = 5,96 €)","Kochen & Backen","False","https://img.rewe-static.de/7639373/42137122_digital-image.png"
"REWE Beste Wahl Eiernudeln Spiralen 500g","REWE Beste Wahl","4337256795517","1.59","500g (1 kg = 3,18 €)","Kochen & Backen","False","https://img.rewe-static.de/7194888/27676715_digital-image.png"
"REWE Bio Vanille Pudding 35g","REWE Bio","4388860737257","2.49","3x35g (1 kg = 23,71 €)","Kochen & Backen","False","https://img.rewe-static.de/8041125/30496350_digital-image.png"
"REWE Beste Wahl Zitronenkuchen Backmischung 490g","REWE Beste Wahl","4337256698191","2.29","510g (1 kg = 4,67 €)","Kochen & Backen","False","https://img.rewe-static.de/8324624/29901650_digital-image.png"
"REWE Bio Naturland Kokosblütenzucker 250g","REWE Bio","4337256441247","3.99","250g (1 kg = 15,96 €)","Kochen & Backen","False","https://img.rewe-static.de/7794483/36410649_digital-image.png"
"Aurora Roggenmehl Type 1150 1kg","Aurora","4000406073147","2.09","1000g","Kochen & Backen","False","https://img.rewe-static.de/2652234/24458609_digital-image.png"
"Dr. Oetker Seelenwärmer Pudding Karamell 58g","Dr. Oetker","4000521023881","0.79","58g (1 kg = 13,62 €)","Kochen & Backen","True","https://img.rewe-static.de/8319799/30280386_digital-image.png"
"Oryza Ideal-Reis 500g","Oryza","4006237620017","1.69","500g (1 kg = 3,38 €)","Kochen & Backen","False","https://img.rewe-static.de/4762819/9696760_digital-image.png"
"REWE Bio Expressreis Vollkorn & Wildreis 250g","REWE Bio","4337256717861","1.49","250g (1 kg = 5,96 €)","Kochen & Backen","False","https://img.rewe-static.de/8998378/42309785_digital-image.png"
"REWE Beste Wahl Party Streudekor Mix 65g","REWE Beste Wahl","4337256865364","0.99","65g (1 kg = 15,23 €)","Kochen & Backen","False","https://img.rewe-static.de/9988451/45627367_digital-image.png"
"Dr. Oetker Paradiescreme Dessert Amarenakirsche 56g","Dr. Oetker","4000521033545","0.79","56g (1 kg = 14,11 €)","Kochen & Backen","True","https://img.rewe-static.de/8957743/40460807_digital-image.png"
"Müller's Mühle Couscous 500g","Müller's Mühle","4000286222673","2.29","500g (1 kg = 4,58 €)","Kochen & Backen","False","https://img.rewe-static.de/1137586/20312501_digital-image.png"
"REWE Beste Wahl Mohn Fix Backfertige Mohnfüllung 250g","REWE Beste Wahl","4337256595209","1.99","250g (1 kg = 7,96 €)","Kochen & Backen","False","https://img.rewe-static.de/8058516/29929037_digital-image.png"
"Schär Mix it Universal Mehl glutenfrei 1kg","Schär","8008698013113","3.99","1000g","Kochen & Backen","False","https://img.rewe-static.de/2210793/22883518_digital-image.png"
"REWE Bio Grüne Erbsen 500g","REWE Bio","4337256800945","1.89","500g (1 kg = 3,78 €)","Kochen & Backen","False","https://img.rewe-static.de/0281097/4784650_digital-image.png"
"Barilla Al Bronzo Fusilloni Nr. 380 500g","Barilla","8076809585217","2.49","500g (1 kg = 4,98 €)","Kochen & Backen","False","https://img.rewe-static.de/9941775/46661355_digital-image.png"
"Borchers Stevia Streusüße 300g","borchers fine food GmbH & Co. KG","4260175670514","4.99","300g (1 kg = 16,63 €)","Kochen & Backen","False","https://img.rewe-static.de/2544348/25454229_digital-image.png"
"Dr. Oetker Quarkfein Vanille-Geschmack 57g","Dr. Oetker","4000521820206","1.29","57g (1 kg = 22,63 €)","Kochen & Backen","False","https://img.rewe-static.de/4567358/7478200_digital-image.png"
"Seeberger Rohrzucker grob unraffiniert 500g","Seeberger","4008258571019","1.79","500g (1 kg = 3,58 €)","Kochen & Backen","False","https://img.rewe-static.de/5151333/21445138_digital-image.png"
"Pfanni Rösti 2x200g","Pfanni","4032600123038","2.49","400g (1 kg = 6,23 €)","Kochen & Backen","False","https://img.rewe-static.de/3759075/7824730_digital-image.png"
"Biozentrale Bio Leinsamen 400g","biozentrale","4005009106780","2.99","400g (1 kg = 7,48 €)","Kochen & Backen","False","https://img.rewe-static.de/1180133/23284256_digital-image.png"
"Dr. Oetker Haselnuss-Krokant 100g","Dr. Oetker","4000521007522","2.29","100g (1 kg = 22,90 €)","Kochen & Backen","False","https://img.rewe-static.de/1146938/11080600_digital-image.png"
"REWE Beste Wahl Mohn gemahlen 250g","REWE Beste Wahl","4337256771887","2.49","250g (1 kg = 9,96 €)","Kochen & Backen","False","https://img.rewe-static.de/7807278/36263660_digital-image.png"
"Dr. Oetker Seelenwärmer Tassen-Cremepudding Grieß 150ml","Dr. Oetker","4000521038830","0.79","60ml (1 kg = 13,17 €)","Kochen & Backen","True","https://img.rewe-static.de/9943645/46743127_digital-image.png"
"REWE Bio + vegan Bio Backmischung Banana Bread 350g","REWE Bio","4337256692458","2.59","350g (1 kg = 7,40 €)","Kochen & Backen","False","https://img.rewe-static.de/7647231/41923267_digital-image.png"
"REWE Beste Wahl Cake Pops Vanille Backmischung 260g","REWE Beste Wahl","4337256863858","2.79","265g (1 kg = 10,53 €)","Kochen & Backen","False","https://img.rewe-static.de/9995861/45886145_digital-image.png"
"Dr. Oetker Extra Gelier-Zucker 2:1 500g","Dr. Oetker","4000521730000","2.29","500g (1 kg = 4,58 €)","Kochen & Backen","False","https://img.rewe-static.de/3737497/33224276_digital-image.png"
"REWE Beste Wahl Udon-Nudeln vorgekocht 200g","REWE Beste Wahl","4337256828208","0.99","200g (1 kg = 4,95 €)","Kochen & Backen","False","https://img.rewe-static.de/7584272/43788167_digital-image.png"
"Ruf Pudding Schokolade Gold extra 138g","Ruf","40352169","1.29","3x46g (1 kg = 9,35 €)","Kochen & Backen","False","https://img.rewe-static.de/7008872/22150979_digital-image.png"
"Davert Bio Braune Leinsaat geschrotet 200g","Davert","4019339413050","1.99","200g (1 kg = 9,95 €)","Kochen & Backen","False","https://img.rewe-static.de/8760632/24762502_digital-image.png"
"REWE Bio Orangenschale gerieben 2x5g","REWE Bio","4337256555203","0.99","2x5g (1 kg = 99 €)","Kochen & Backen","False","https://img.rewe-static.de/7717266/38930896_digital-image.png"
"RUF Bio Bourbon Vanilleschote 2,5g","Ruf","4002809021046","3.29","2,50g","Kochen & Backen","False","https://img.rewe-static.de/8508749/33206656_digital-image.png"
"Ruf Glücklichmacher Tassencremepudding Vanille 59g","Ruf","4002809018862","0.79","59g (1 kg = 13,39 €)","Kochen & Backen","False","https://img.rewe-static.de/7622784/42552111_digital-image.png"
"Ruf Raspel-Schokolade weiß 100g","Ruf","4002809024399","1.99","100g (1 kg = 19,90 €)","Kochen & Backen","False","https://img.rewe-static.de/2201299/22970615_digital-image.png"
"Biozentrale Bio Grünkern 500g","biozentrale","4005009105479","3.99","500g (1 kg = 7,98 €)","Kochen & Backen","False","https://img.rewe-static.de/1099782/23478524_digital-image.png"
"Dr. Oetker Torten Creme 123g","Dr. Oetker","4000521034399","1.79","123g (1 kg = 14,55 €)","Kochen & Backen","False","https://img.rewe-static.de/9005721/41393191_digital-image.png"
"Ruf Kirschkuchen mit Schokostückchen 435g","Ruf","4002809027956","2.99","435g (1 kg = 6,87 €)","Kochen & Backen","False","https://img.rewe-static.de/0135731/23298043_digital-image.png"
"Dr. Oetker Gelatine gemahlen weiß 3 Stück","Dr. Oetker","4000521721619","1.79","NA","Kochen & Backen","False","https://img.rewe-static.de/4907370/9690320_digital-image.png"
"REWE Bio Express Getreide & Linsen 250g","REWE Bio","4337256702119","1.49","250g (1 kg = 5,96 €)","Kochen & Backen","False","https://img.rewe-static.de/7639176/42309024_digital-image.png"
"REWE Bio + vegan Geliermittel 3x6g","REWE Bio","4337256703147","1.49","3x6g","Kochen & Backen","False","https://img.rewe-static.de/9076290/42147273_digital-image.png"
"Biozentrale Bio Haferkleie 500g","biozentrale","4005009104687","2.99","500g (1 kg = 5,98 €)","Kochen & Backen","False","https://img.rewe-static.de/2045810/23476463_digital-image.png"
"Davert Schwarzer Sesam Bio 200g","Davert","4019339419052","3.79","200g (1 kg = 18,95 €)","Kochen & Backen","False","https://img.rewe-static.de/8607260/32719190_digital-image.png"
"REWE Beste Wahl Party Cupcakes Backmischung 370g","REWE Beste Wahl","4337256862851","2.79","370g (1 kg = 7,54 €)","Kochen & Backen","False","https://img.rewe-static.de/9998471/45886166_digital-image.png"
"REWE Beste Wahl Cake Pops Schoko Backmischung 260g","REWE Beste Wahl","4337256854993","2.79","260g (1 kg = 10,73 €)","Kochen & Backen","False","https://img.rewe-static.de/9998480/45886141_digital-image.png"
"Dr. Oetker Backfeste Puddingcreme Vanille 35g","Dr. Oetker","4000521034436","0.79","35g (1 kg = 22,57 €)","Kochen & Backen","False","https://img.rewe-static.de/7656667/42091120_digital-image.png"
"Dr. Oetker Gugelhupf Backmischung 525g","Dr. Oetker","4000521029944","2.22","525g (1 kg = 4,23 €)","Kochen & Backen","True","https://img.rewe-static.de/8745876/35802592_digital-image.png"
"Dr. Oetker 4 Lebensmittelfarben 80g","Dr. Oetker","4000521026530","3.89","80g (1 kg = 48,63 €)","Kochen & Backen","False","https://img.rewe-static.de/8538200/33600186_digital-image.png"
"Nordzucker Bio Würfelzucker 500g","NA","4008671730109","1.39","500g (1 kg = 2,78 €)","Kochen & Backen","False","https://img.rewe-static.de/7667675/39957485_digital-image.png"
"Diamond Brand Quick Cooking Noodles 500g","NA","4316734063720","2.29","500g (1 kg = 4,58 €)","Kochen & Backen","False","https://img.rewe-static.de/7972116/43906884_digital-image.png"
"Sweet Family Brauner Teezucker 500g","Sweet Family","4008671014056","0.99","500g (1 kg = 1,98 €)","Kochen & Backen","False","https://img.rewe-static.de/4588819/1447610_digital-image.png"
"Dr. Oetker Gourmet Vanille Mühle 7,5g","Dr. Oetker","4000521030551","6.99","7,50g","Kochen & Backen","False","https://img.rewe-static.de/8732496/38286988_digital-image.png"
"Ruf Glücklich Macher Grieß 59g","Ruf","4002809018893","0.79","59g (1 kg = 13,39 €)","Kochen & Backen","False","https://img.rewe-static.de/9028886/43405721_digital-image.png"
"Pickerd Regenbogen-Perlchen 135g","Pickerd","4022500142567","2.09","135g","Kochen & Backen","False","https://img.rewe-static.de/9043140/43100788_digital-image.png"
"REWE Beste Wahl Backmehl mit Backpulver 1kg","REWE Beste Wahl","4337256836371","1.19","1000g","Kochen & Backen","False","https://img.rewe-static.de/9103679/44953914_digital-image.png"
"REWE frei von Bio Schwarzbrot Backmischung glutenfrei 500g","REWE frei von","4337256162401","2.79","500g (1 kg = 5,58 €)","Kochen & Backen","False","https://img.rewe-static.de/8545950/32493897_digital-image.png"
"Dr. Oetker Käse-Sahne-Torte Backmischung 385g","Dr. Oetker","4000521855802","3.79","385g (1 kg = 9,84 €)","Kochen & Backen","False","https://img.rewe-static.de/5868963/789370_digital-image.png"
"Borchers Süßstofftabletten Stevia 3x120 Tabletten Nachfüllpackung 18g","borchers fine food GmbH & Co. KG","4260175670583","3.99","18g","Kochen & Backen","False","https://img.rewe-static.de/8959345/43405635_digital-image.png"
"Dr. Oetker Grießbrei Himbeer Bourbon-Vanille 76g","Dr. Oetker","4000521036775","1.49","76g (1 kg = 19,61 €)","Kochen & Backen","False","https://img.rewe-static.de/9084441/46743025_digital-image.png"
"Neuss & Wilke Basmati-Reis 1kg","Neuss & Wilke","4000286223502","3.99","1kg","Kochen & Backen","False","https://img.rewe-static.de/3880036/22002552_digital-image.png"
"Dr. Oetker Original Backin mit Safran 49g, 3 Beutel","Dr. Oetker","4000521004866","0.99","48,90g (1 kg = 20,25 €)","Kochen & Backen","False","https://img.rewe-static.de/0806534/7465710_digital-image.png"
"Minuto Erdbeer Mousse 68g","NA","4002676650127","1.49","68g (1 kg = 21,91 €)","Kochen & Backen","False","https://img.rewe-static.de/9992603/46374854_digital-image.png"
"Borchers Süßungstabletten Stevia Spender 120 Stück","borchers fine food GmbH & Co. KG","4260175670491","1.69","6g","Kochen & Backen","False","https://img.rewe-static.de/2328547/23715577_digital-image.png"
"Vantastic Foods Bio Pancakes 180g","Vantastic Foods","4260430655768","1.89","180g (1 kg = 10,50 €)","Kochen & Backen","False","https://img.rewe-static.de/8081637/32734110_digital-image.png"
"Ruf Muffins Backmischung Classic 380g","Ruf","4002809034466","2.69","380g (1 kg = 7,08 €)","Kochen & Backen","False","https://img.rewe-static.de/9164310/43000922_digital-image.png"
"Minuto Kokos Mousse 88g","NA","4002676650189","1.49","88g","Kochen & Backen","False","https://img.rewe-static.de/9993008/47043858_digital-image.png"
"Minuto Mango Mousse 76g","NA","4002676650165","1.49","76g","Kochen & Backen","False","https://img.rewe-static.de/9115067/46916604_digital-image.png"
"Ruf Dino Muffins Backmischung 440g","Ruf","4002809037870","4.49","440g (1 kg = 10,20 €)","Kochen & Backen","False","https://img.rewe-static.de/9999664/44264334_digital-image.png"
"Ruf Mini Marshmallows 45g","Ruf","4002809025433","1.29","45g (1 kg = 28,67 €)","Kochen & Backen","False","https://img.rewe-static.de/8058207/31505299_digital-image.png"
"Dr. Oetker Mousse au Chocolat feinherb 86g","Dr. Oetker","4000521475505","1.99","86g (1 kg = 23,14 €)","Kochen & Backen","False","https://img.rewe-static.de/4924959/3940660_digital-image.png"
"Müller's Mühle Mediterran 250g","Müller's Mühle","4000286005009","1.89","250g","Kochen & Backen","False","https://img.rewe-static.de/9967704/45732379_digital-image.png"
"Dr. Oetker Chocolate Pudding 100g","Dr. Oetker","4000521037840","1.99","100g (1 kg = 19,90 €)","Kochen & Backen","False","https://img.rewe-static.de/9999355/46742927_digital-image.png"
"Dr. Oetker Oh ym Choc! Triple Choc Mousse 70g","Dr. Oetker","4000521037888","1.99","70g (1 kg = 28,43 €)","Kochen & Backen","False","https://img.rewe-static.de/9999360/46393991_digital-image.png"
"Dr. Oetker Rotwein Creme 240ml","Dr. Oetker","4000521005412","2.99","240ml (1 l = 12,46 €)","Kochen & Backen","False","https://img.rewe-static.de/0955172/8217780_digital-image.png"
"Nicolet Weiche Konsum-Streusel 150g","Nicolet","4002809025389","1.59","150g (1 kg = 10,60 €)","Kochen & Backen","False","https://img.rewe-static.de/8315959/32252727_digital-image.png"
"Ruf Schlag-Creme 80g","Ruf","4002809001215","1.29","2x40g (1 kg = 16,13 €)","Kochen & Backen","False","https://img.rewe-static.de/6691714/10439160_digital-image.png"
"Minuto Himbeer Mousse 86g","NA","4002676650141","1.49","86g","Kochen & Backen","False","https://img.rewe-static.de/7574272/47170953_digital-image.png"
"Ruf Milch-Schoko Streusel 500g","Ruf","4002809024788","5.99","500g (1 kg = 11,98 €)","Kochen & Backen","False","https://img.rewe-static.de/3279473/27513389_digital-image.png"
"Aurora Instantmehl 1kg","Aurora","4000406070108","2.09","1000g","Kochen & Backen","False","https://img.rewe-static.de/0105759/7477130_digital-image.png"
"Dr. Oetker Aranca Zitrone 75g","Dr. Oetker","4000521453602","1.39","75g (1 kg = 18,53 €)","Kochen & Backen","False","https://img.rewe-static.de/0182362/22453385_digital-image.png"
"Dr. Oetker Crème Brûlée 96g","Dr. Oetker","4000521005641","1.99","96g (1 kg = 20,73 €)","Kochen & Backen","False","https://img.rewe-static.de/0958351/7674830_digital-image.png"
"Müller's Mühle Langkorn-Reis 250g","Müller's Mühle","4000286004989","1.89","250g","Kochen & Backen","False","https://img.rewe-static.de/9967193/45732362_digital-image.png"
"Ruf Backmischung Cheesecake Muffins 330g","Ruf","4002809034527","2.69","330g (1 kg = 8,15 €)","Kochen & Backen","False","https://img.rewe-static.de/7591872/43701865_digital-image.png"
"Sweet Family Teezucker 500g","Sweet Family","4008671014001","1.19","500g (1 kg = 2,38 €)","Kochen & Backen","False","https://img.rewe-static.de/6232949/7476530_digital-image.png"
"Vivess Deko Picker 48 Stück","Vivess","4388860444865","2.49","48 Stück","Kochen & Backen","False","https://img.rewe-static.de/8377602/31368435_digital-image.png"
"BioWagner Bio Sesamsaat ganz 60g","Bio Wagner","4049164124814","2.79","60g","Kochen & Backen","False","https://img.rewe-static.de/8925609/44022203_digital-image.png"
"Dr. Oetker Quarkfein Zitrone 57g","Dr. Oetker","4000521823207","1.29","57g (1 kg = 22,63 €)","Kochen & Backen","False","https://img.rewe-static.de/0182443/7478050_digital-image.png"
"Küchle Bio Eckige Back Oblaten vegan 40g","Küchle","4035600926920","1.19","40g","Kochen & Backen","False","https://img.rewe-static.de/8821936/37018652_digital-image.png"
"Vivess Zahlenkerze 5","Vivess","4337256050302","0.99","1 Stück","Kochen & Backen","False","https://img.rewe-static.de/8435503/31803989_digital-image.png"
"Decocino Farbpaste blau 20g","Decocino","4250448349261","2.29","20g (1 kg = 114,50 €)","Kochen & Backen","False","https://img.rewe-static.de/7634273/43845873_digital-image.png"
"Küchle Bio Backoblaten vegan 36g","Küchle","4035600926883","1.19","36g (1 kg = 33,06 €)","Kochen & Backen","False","https://img.rewe-static.de/8821725/37018620_digital-image.png"
"Ruf Bio Dekor ABC + Zahlen 32g","Ruf","4002809025648","3.99","32g (1 kg = 124,69 €)","Kochen & Backen","False","https://img.rewe-static.de/7952497/34682785_digital-image.png"
"Ruf Waffeln Backmischung 230g","Ruf","4002809021725","2.49","220g (1 kg = 11,32 €)","Kochen & Backen","False","https://img.rewe-static.de/7630077/43702877_digital-image.png"
"Ruf Zitronen-Zucker 30g","Ruf","40352459","0.69","3x10g (1 kg = 23 €)","Kochen & Backen","False","https://img.rewe-static.de/0367249/24087812_digital-image.png"
"Vivess Zahlenkerze 2","Vivess","4337256050043","0.99","1 Stück","Kochen & Backen","False","https://img.rewe-static.de/8461670/31807798_digital-image.png"
"Aurora Roggenschrot Vollkorn 1kg","Aurora","4000406004226","1.89","1000g","Kochen & Backen","False","https://img.rewe-static.de/7670698/44016480_digital-image.png"
"Küchle Bio Back Oblaten 90mm vegan 26g","Küchle","4035600926906","1.19","26g","Kochen & Backen","False","https://img.rewe-static.de/8827332/37018711_digital-image.png"
"Ruf Backmischung Cookies Double Chocolate 360g","Ruf","4002809035685","2.69","360g (1 kg = 7,47 €)","Kochen & Backen","False","https://img.rewe-static.de/9999383/45104679_digital-image.png"
"Ruf Lieblingsbrot Backmischung Karotte-Nuss glutenfrei 600g","Ruf","4002809057076","4.69","600g","Kochen & Backen","False","https://img.rewe-static.de/8423864/45712498_digital-image.png"
"Ruf Streuselliebe Pastellglück 140g","Ruf","4002809025860","2.99","140g (1 kg = 21,36 €)","Kochen & Backen","False","https://img.rewe-static.de/8890060/43450594_digital-image.png"
"Ruf Topfenkuchen 700g","Ruf","4002809027642","2.99","700g (1 kg = 4,27 €)","Kochen & Backen","False","https://img.rewe-static.de/4242971/10439100_digital-image.png"
"Dr. Oetker Chocolate Creme mit Chocolate Crispies 68g","Dr. Oetker","4000521037864","1.99","68g (1 kg = 29,26 €)","Kochen & Backen","False","https://img.rewe-static.de/9999358/46742921_digital-image.png"
"Dr. Oetker Torten Topping Cremepulver Raspberry Marscarpone ergibt 600ml","Dr. Oetker","4000521035099","1.79","600ml (1 l = 2,98 €)","Kochen & Backen","False","https://img.rewe-static.de/7653746/40416269_digital-image.png"
"Küchenmeister Buchweizengrütze 750g","Küchenmeister","4006363110567","2.59","750g","Kochen & Backen","False","https://img.rewe-static.de/2272478/44244888_digital-image.png"
"Ruf Kuchen-Träume Schokolade 425g","Ruf","4002809037139","2.99","425g (1 kg = 7,04 €)","Kochen & Backen","False","https://img.rewe-static.de/1394627/21386699_digital-image.png"
"Ruf Käsekuchen Bourbon-Vanille 570g","Ruf","4002809037757","2.99","570g","Kochen & Backen","False","https://img.rewe-static.de/9026696/43597292_digital-image.png"
"Ruf Muffins Backmischung Blaubeere 280g","Ruf","4002809034503","2.69","280g (1 kg = 9,61 €)","Kochen & Backen","False","https://img.rewe-static.de/7589616/43040255_digital-image.png"
"Ruf Rote Grütze Himbeere 129g","Ruf","40352282","0.89","3x43g (1 kg = 6,90 €)","Kochen & Backen","False","https://img.rewe-static.de/7009011/7471720_digital-image.png"
"Seeberger Rohrzucker grob unraffiniert 1kg","Seeberger","4008258571026","3.99","1kg","Kochen & Backen","False","https://img.rewe-static.de/6378110/23854451_digital-image.png"
"Biozentrale Bio Rotes Quinoa 400g","biozentrale","4005009104816","4.99","400g (1 kg = 12,48 €)","Kochen & Backen","False","https://img.rewe-static.de/2162796/23478791_digital-image.png"
"Biozentrale Bio Taboulé 200g","biozentrale","4005009102003","2.99","200g (1 kg = 14,95 €)","Kochen & Backen","False","https://img.rewe-static.de/2225652/24220494_digital-image.png"
"Kuhbonbon Bio Vegane Caramel Cubes Classic 65g","Kuhbonbon","4028452262346","2.99","65g","Kochen & Backen","False","https://img.rewe-static.de/9078305/44490841_digital-image.png"
"Ruf Backmischung Cookie Dough Cake Choko Sandwich 320g","Ruf","4002809037450","3.79","320g (1 kg = 11,84 €)","Kochen & Backen","False","https://img.rewe-static.de//7952175/32516905_digital-image.png"
"Zahlenkerze 0 blau","NA","13051642754","0.99","1 Stück","Kochen & Backen","False","https://img.rewe-static.de/7215135/43760349_digital-image.png"
"Anna Bulgursalat 200g","NA","4260347569080","2.89","200g (1 kg = 14,45 €)","Kochen & Backen","False","https://img.rewe-static.de/8959995/43876881_digital-image.png"
"CMC Macaroni & Cheese Dinner 208g","CMC","4024398191139","3.49","208g (1 kg = 16,78 €)","Kochen & Backen","False","https://img.rewe-static.de/2505141/27049391_digital-image.png"
"Decocino's Streudekor Blaue Perlen 65g","Decocino","4250448327412","1.49","65g","Kochen & Backen","False","https://img.rewe-static.de/7090658/44019538_digital-image.png"
"Dr. Oetker Gelierzucker für Beeren Konfitüre & Gelee 500g","Dr. Oetker","4000521005474","2.39","500g (1 kg = 4,78 €)","Kochen & Backen","False","https://img.rewe-static.de/0939198/6288120_digital-image.png"
"Dr. Oetker Kaltschale Himbeer-Johannisbeer 57g","Dr. Oetker","4000521364205","1.69","57g (1 kg = 29,65 €)","Kochen & Backen","False","https://img.rewe-static.de/3732096/21196675_digital-image.png"
"Küchle Biskuit perfekt 75g","Küchle","4035600906403","1.29","75g (1 kg = 17,20 €)","Kochen & Backen","False","https://img.rewe-static.de/0113854/9306760_digital-image.png"
"Lubella Eier Nudeln 400g","Lubella","5900049816608","1.99","400g (1 kg = 4,98 €)","Kochen & Backen","False","https://img.rewe-static.de/8363031/44016769_digital-image.png"
"Ruf Bio Blatt Gelatine Weiß 20g","Ruf","4002809050039","1.79","20g","Kochen & Backen","False","https://img.rewe-static.de/2453335/44020867_digital-image.png"
"Ruf Birthday Cake Cream + Dekor Mix 100g","Ruf","4002809021916","1.79","110g (1 kg = 16,27 €)","Kochen & Backen","False","https://img.rewe-static.de/8894243/43760308_digital-image.png"
"Ruf Farbstifte für Lebensmittel 8 Stück 68g","Ruf","4002809024986","6.69","16g (1 kg = 98,38 €)","Kochen & Backen","False","https://img.rewe-static.de/8107837/31505306_digital-image.png"
"Ruf Fondant Türkis 250g","Ruf","4002809026034","2.69","250g (1 kg = 10,76 €)","Kochen & Backen","False","https://img.rewe-static.de/8317537/31505295_digital-image.png"
"Ruf Fondant Weiss XL 500g","Ruf","4002809026089","4.39","500g (1 kg = 8,78 €)","Kochen & Backen","False","https://img.rewe-static.de/8764412/36906543_digital-image.png"
"Ruf Funfetti Kuchen 750g","Ruf","4002809037276","3.49","750g (1 kg = 4,65 €)","Kochen & Backen","False","https://img.rewe-static.de/3271204/29812480_digital-image.png"
"Ruf Käse-Sahne Torte 350g","Ruf","4002809040160","2.29","350g (1 kg = 6,54 €)","Kochen & Backen","False","https://img.rewe-static.de/2312308/23699505_digital-image.png"
"Ruf Lieblingsbrot Kürbiskern 600g","Ruf","4002809057069","4.69","600g (1 kg = 7,82 €)","Kochen & Backen","False","https://img.rewe-static.de/8424962/32252755_digital-image.png"
"Ruf Schlemmercreme Stracciatella 132g","Ruf","4002809020841","1.39","132g (1 kg = 10,53 €)","Kochen & Backen","False","https://img.rewe-static.de/0907546/22047876_digital-image.png"
"Ruf Schokolade-Mandel 150g","Ruf","40352190","1.49","3x50g (1 kg = 9,93 €)","Kochen & Backen","False","https://img.rewe-static.de/1085735/812950_digital-image.png"
"Sweetfamily Bio Gelierzucker 3:1 500g","Sweet Family","4008671725990","2.59","500g (1 kg = 5,18 €)","Kochen & Backen","False","https://img.rewe-static.de/8438828/33548288_digital-image.png"
"ja! Backpulver 10x15g","ja!","4337256576079","0.59","10x15g (1 kg = 3,93 €)","Kochen & Backen","False","https://img.rewe-static.de/1478263/21189364_digital-image.png"
"ja! Kartoffelpüree 3x115g","ja!","4388844176133","1.35","3x115g (1 kg = 3,91 €)","Kochen & Backen","False","https://img.rewe-static.de/2725470/25177395_digital-image.png"
"ja! Raffinade-Zucker 1kg","ja!","4337256674430","0.89","1000g","Kochen & Backen","False","https://img.rewe-static.de/5249473/7085130_digital-image.png"
"ja! Dinkelmehl Typ 630 1kg","ja!","4337256678940","1.19","1kg","Kochen & Backen","False","https://img.rewe-static.de/8224543/29278398_digital-image.png"
"ja! Puderzucker 250g","ja!","4337256547819","0.39","250g (1 kg = 1,56 €)","Kochen & Backen","False","https://img.rewe-static.de/6353371/25921235_digital-image.png"
"ja! Vanillinzucker 15x8g","ja!","4337256189163","0.45","15x8g (1 kg = 3,75 €)","Kochen & Backen","False","https://img.rewe-static.de/1478252/21189491_digital-image.png"
"ja! Erythrit 500g","ja!","4337256863636","3.95","500g","Kochen & Backen","False","https://img.rewe-static.de/9998530/44560902_digital-image.png"
"ja! Spaghetti 500g","ja!","4337256178990","0.79","500g (1 kg = 1,58 €)","Kochen & Backen","False","https://img.rewe-static.de/0687999/37902543_digital-image.png"
"ja! Würfelzucker 1kg","ja!","4337256549448","1.29","1kg","Kochen & Backen","False","https://img.rewe-static.de/6353606/25972297_digital-image.png"
"ja! Sofort-Gelatine weiß 30g","ja!","4337256183178","0.7","30g (1 kg = 23,33 €)","Kochen & Backen","False","https://img.rewe-static.de/8294464/29553032_digital-image.png"
"ja! Feine Speisestärke reine Maisstärke 400g","ja!","4388860265873","0.99","400g (1 kg = 2,48 €)","Kochen & Backen","False","https://img.rewe-static.de/8245234/28972880_digital-image.png"
"ja! Spaghetti mit Tomatensauce 400g","ja!","4337256570503","1.59","400g (1 kg = 3,98 €)","Kochen & Backen","False","https://img.rewe-static.de/2696946/25677556_digital-image.png"
"ja! Paniermehl 1kg","ja!","4337256445245","1.59","1000g","Kochen & Backen","False","https://img.rewe-static.de/5905605/7845010_digital-image.png"
"ja! Trockenbackhefe 6x7g","ja!","4337256192972","0.75","6x7g (1 kg = 17,86 €)","Kochen & Backen","False","https://img.rewe-static.de/1478286/21189494_digital-image.png"
"ja! Tortelloni Prosciutto 250g","ja!","4337256185370","0.99","250g (1 kg = 3,96 €)","Kochen & Backen","False","https://img.rewe-static.de/0688048/31032430_digital-image.png"
"ja! Haselnusskerne gemahlen 200g","ja!","4337256432023","2.99","200g (1 kg = 14,95 €)","Kochen & Backen","False","https://img.rewe-static.de/1008586/7835090_digital-image.png"
"ja! Tortenguss klar 6x12g","ja!","4337256187244","0.45","6x12g (1 kg = 6,25 €)","Kochen & Backen","False","https://img.rewe-static.de/2006476/21521521_digital-image.png"
"ja! Jasmin Reis 1kg","ja!","4337256086288","2.49","1000g","Kochen & Backen","False","https://img.rewe-static.de/8350407/30349583_digital-image.png"
"ja! Belegkirschen 100g","ja!","4337256193023","1.39","100g (1 kg = 13,90 €)","Kochen & Backen","False","https://img.rewe-static.de/1042260/22906339_digital-image.png"
"ja! Citronat 100g","ja!","4337256183116","0.59","100g (1 kg = 5,90 €)","Kochen & Backen","False","https://img.rewe-static.de/1042250/23116639_digital-image.png"
"ja! Weizenmehl Type 405 1kg","ja!","4337256672634","0.59","1000g","Kochen & Backen","False","https://img.rewe-static.de/6729550/1695030_digital-image.png"
"Ja! Semmelknödel 6er 200g","ja!","4337256219891","0.99","200g (1 kg = 4,95 €)","Kochen & Backen","False","https://img.rewe-static.de/3155797/26033755_digital-image.png"
"ja! Penne Rigate 500g","ja!","4337256177115","0.79","500g (1 kg = 1,58 €)","Kochen & Backen","False","https://img.rewe-static.de/0688014/24934806_digital-image.png"
"ja! Basmati Reis 1kg","ja!","4337256086370","2.99","1000g","Kochen & Backen","False","https://img.rewe-static.de/7087342/27710925_digital-image.png"
"ja! Milchreis 500g","ja!","4337256101332","0.99","500g (1 kg = 1,98 €)","Kochen & Backen","False","https://img.rewe-static.de/2107010/23116651_digital-image.png"
"ja! Spaghetti Arrabbiata 385g","ja!","4337256582483","1.59","385g (1 kg = 4,13 €)","Kochen & Backen","False","https://img.rewe-static.de/8015566/31025396_digital-image.png"
"ja! Fusilli 500g","ja!","4337256180450","0.79","500g (1 kg = 1,58 €)","Kochen & Backen","False","https://img.rewe-static.de/8069766/29792344_digital-image.png"
"ja! Mandeln gemahlen 200g","ja!","4337256425223","1.99","200g (1 kg = 9,95 €)","Kochen & Backen","False","https://img.rewe-static.de/1008588/7835180_digital-image.png"
"ja! Parboiled Spitzenreis Langkornreis 1kg","ja!","4337256114042","1.59","1000g","Kochen & Backen","False","https://img.rewe-static.de/7227868/3877230_digital-image.png"
"ja! Bratkartoffeln mit Zwiebel 400g","ja!","4337256185110","1.49","400g (1 kg = 3,73 €)","Kochen & Backen","False","https://img.rewe-static.de/7933793/33163666_digital-image.png"
"REWE Beste Wahl Respeggt Eier Freilandhaltung 10 Stück","REWE Beste Wahl","4337256067508","2.69","10 Stück","Käse, Eier & Molkerei","False","https://img.rewe-static.de/8470640/31525372_digital-image.png"
"REWE Beste Wahl H-Sahne zum Kochen 15% 200g","REWE Beste Wahl","4337256597401","0.85","200g (1 kg = 4,25 €)","Käse, Eier & Molkerei","False","https://img.rewe-static.de/2821417/25362578_digital-image.png"
"REWE Bio Eier Spitz und Bube 6 Stück","REWE Bio","4388860190519","2.99","6 Stück","Käse, Eier & Molkerei","False","https://img.rewe-static.de/7078288/27539478_digital-image.png"
"REWE Bio Frischkäse Doppelrahmstufe 175g","REWE Bio","4337256453776","1.39","175g (1 kg = 7,94 €)","Käse, Eier & Molkerei","False","https://img.rewe-static.de/0200397/4997410_digital-image.png"
"Bresso Frischkäse Feine Kräuter 8x15g","Bresso","3272770092326","2.39","8x15g (1 kg = 19,92 €)","Käse, Eier & Molkerei","False","https://img.rewe-static.de/0396707/3684540_digital-image.png"
"Leerdammer Leger 140g","Leerdammer","8721800405353","2.89","140g (1 kg = 20,64 €)","Käse, Eier & Molkerei","False","https://img.rewe-static.de/7734347/39009781_digital-image.png"
"Milram Benjamin 48% Scheiben 150g","Milram","4036300005304","2.69","150g (1 kg = 17,93 €)","Käse, Eier & Molkerei","False","https://img.rewe-static.de/7217101/27600403_digital-image.png"
"Danone Actimel Kids Erdbeere Banane 8x100g","Actimel","4009700074928","3.99","8x100g (1 kg = 4,99 €)","Käse, Eier & Molkerei","False","https://img.rewe-static.de/2364652/23674187_digital-image.png"
"REWE Bio Gouda 150g","REWE Bio","4337256414685","1.99","150g (1 kg = 13,27 €)","Käse, Eier & Molkerei","False","https://img.rewe-static.de/0200347/7331030_digital-image.png"
"REWE Beste Wahl leichte Kochcreme 250ml","REWE Beste Wahl","4337256470940","0.89","250ml (1 l = 3,56 €)","Käse, Eier & Molkerei","False","https://img.rewe-static.de/7782048/36951158_digital-image.png"
"Arla Kaergarden Ungesalzen aus Butter & Rapsöl 200g","Arla","4100290068615","2.99","200g (1 kg = 14,95 €)","Käse, Eier & Molkerei","False","https://img.rewe-static.de/7654438/40788203_digital-image.png"
"Milkana Schmelzkäse Sahne 190g","Milkana","4045357010605","2.89","190g (1 kg = 15,21 €)","Käse, Eier & Molkerei","False","https://img.rewe-static.de/8724154/35504236_digital-image.png"
"Gervais Hüttenkäse Original 200g","Gervais","4002671157751","1.79","200g (1 kg = 8,95 €)","Käse, Eier & Molkerei","False","https://img.rewe-static.de/8645886/33711207_digital-image.png"
"Milram Nordlicht Scheiben 150g","Milram","4036300150837","2.69","150g (1 kg = 17,93 €)","Käse, Eier & Molkerei","False","https://img.rewe-static.de/8467206/31855097_digital-image.png"
"Kerrygold Original Irische Butter 250g","Kerrygold","4001954161010","3.99","250g (1 kg = 15,96 €)","Käse, Eier & Molkerei","False","https://img.rewe-static.de/4529316/23269934_digital-image.png"
"Marca Italia Grana Padano 16 Monate 200g","Marca Italia","8052879380013","3.79","200g (1 kg = 18,95 €)","Käse, Eier & Molkerei","False","https://img.rewe-static.de/8249232/28775648_digital-image.png"
"Rama Cremefine zum Kochen 15% 250ml","Rama","8719200040595","1.49","250ml (1 l = 5,96 €)","Käse, Eier & Molkerei","False","https://img.rewe-static.de/7695632/39780977_digital-image.png"
"Leerdammer Caractère 125g","Leerdammer","8721800405360","2.89","125g (1 kg = 23,12 €)","Käse, Eier & Molkerei","False","https://img.rewe-static.de/8851587/37657941_digital-image.png"
"Müller Müllermilch Schoko 400ml","Müller","42448877","0.79","400ml (1 l = 1,98 €)","Käse, Eier & Molkerei","True","https://img.rewe-static.de/9028276/42080159_digital-image.png"
"Zott Monte Maxi Schoko 4x100g","Monte","4014500036830","2.69","4x100g (1 kg = 6,73 €)","Käse, Eier & Molkerei","False","https://img.rewe-static.de/0185984/22264573_digital-image.png"
"Arla Buko Frischkäse Gartenkräuter 200g","Arla","5711953103797","0.99","200g (1 kg = 4,95 €)","Käse, Eier & Molkerei","True","https://img.rewe-static.de/8047595/40601681_digital-image.png"
"Müller Milchreis Original 200g","Müller","40255644","0.99","200g (1 kg = 4,95 €)","Käse, Eier & Molkerei","False","https://img.rewe-static.de/4531540/652200_digital-image.png"
"Salakis Schafskäse Natur 180g","Salakis","3023260033424","3.59","180g (1 kg = 19,94 €)","Käse, Eier & Molkerei","False","https://img.rewe-static.de/8874226/37902848_digital-image.png"
"REWE Frei von Fettarme H-Milch laktosefrei 1,5% 1l","REWE frei von","4337256176330","1.19","1l","Käse, Eier & Molkerei","False","https://img.rewe-static.de/1252234/17096290_digital-image.png"
"Mini Babybel Original Käse-Snack 9 Stück 180g","Babybel","3073781106350","4.19","180g (1 kg = 23,28 €)","Käse, Eier & Molkerei","False","https://img.rewe-static.de/8186850/28335382_digital-image.png"
"Hochland Sandwich Scheiben Paw Patrol 150g","Hochland","4002468202305","2.69","150g (1 kg = 17,93 €)","Käse, Eier & Molkerei","False","https://img.rewe-static.de/8027851/44793381_digital-image.png"
"Käserebellen Heublumenrebell in Scheiben","NA","2277530000000","2.89","1 Stück ca. 100 g (1 kg = 28,90 €)","Käse, Eier & Molkerei","False","https://img.rewe-static.de/2147385/28836914_digital-image.png"
"Dr. Oetker Sahnepudding Schokolade Vollmilch 500g","Dr. Oetker","4023600011807","2.49","500g (1 kg = 4,98 €)","Käse, Eier & Molkerei","False","https://img.rewe-static.de/5905362/30785463_digital-image.png"
"Petrella Schnittlauch 125g","Petrella","40203089","1.99","125g (1 kg = 15,92 €)","Käse, Eier & Molkerei","False","https://img.rewe-static.de/2870720/22413007_digital-image.png"
"Milram Frühlingsquark 185g","Milram","40466002","1.49","185g (1 kg = 8,05 €)","Käse, Eier & Molkerei","False","https://img.rewe-static.de/8013045/30823410_digital-image.png"
"Milchschnitte 10x28g","Ferrero","4008400191423","2.79","10x28g (1 kg = 9,96 €)","Käse, Eier & Molkerei","False","https://img.rewe-static.de/9949852/2817660_digital-image.png"
"Kerrygold Cheddar herzhaft gerieben 150g","Kerrygold","4001954304073","2.89","150g (1 kg = 19,27 €)","Käse, Eier & Molkerei","False","https://img.rewe-static.de/7152808/27077500_digital-image.png"
"Milram Sylter Scheiben 150g","Milram","4036300005298","2.69","150g (1 kg = 17,93 €)","Käse, Eier & Molkerei","False","https://img.rewe-static.de/7217796/27484149_digital-image.png"
"Patros leicht 150g","Patros","4002671123701","2.99","150g (1 kg = 19,93 €)","Käse, Eier & Molkerei","False","https://img.rewe-static.de/3503615/3800970_digital-image.png"
"Milram Sour Cream mit Frühlingskräutern 185g","Milram","40466156","1.49","185g (1 kg = 8,05 €)","Käse, Eier & Molkerei","False","https://img.rewe-static.de/8011787/31076848_digital-image.png"
"Landliebe Grießpudding traditionell 150g","Landliebe","4067517001735","0.99","150g (1 kg = 6,60 €)","Käse, Eier & Molkerei","False","https://img.rewe-static.de/3022927/2854820_digital-image.png"
"Patros Schafmilchfeta 150g","Patros","4002468134361","2.99","150g (1 kg = 19,93 €)","Käse, Eier & Molkerei","False","https://img.rewe-static.de/0140699/30751781_digital-image.png"
"REWE Bio + vegan No Muhh Haferdrink vegan 1l","REWE Bio","4337256564359","1.25","1l","Käse, Eier & Molkerei","False","https://img.rewe-static.de/8879026/39089764_digital-image.png"
"Landliebe Meine Auszeit Vollmilchpudding Schoko 225g","Landliebe","4067517000578","0.99","225g (1 kg = 4,40 €)","Käse, Eier & Molkerei","False","https://img.rewe-static.de/8395149/30549018_digital-image.png"
"Hansano Magerquark 0,3% 500g","Hansano","4016241040008","1.79","500g (1 kg = 3,58 €)","Käse, Eier & Molkerei","False","https://img.rewe-static.de/5082013/24976435_digital-image.png"
"Exquisa QuarkGenuss Pfirsich & Maracuja 0,2% 500g","Exquisa","4019300004638","2.39","500g (1 kg = 4,78 €)","Käse, Eier & Molkerei","False","https://img.rewe-static.de/9251480/24260540_digital-image.png"
"Deli Reform Für meine Familie 500g","Deli Reform","40264585","1.59","500g (1 kg = 3,18 €)","Käse, Eier & Molkerei","False","https://img.rewe-static.de/2137444/23473396_digital-image.png"
"Milram Buttjer 150g","Milram","4036300135933","2.69","150g (1 kg = 17,93 €)","Käse, Eier & Molkerei","False","https://img.rewe-static.de/7216307/27890805_digital-image.png"
"Milram Paprikaquark 185g","Milram","40466095","1.49","185g (1 kg = 8,05 €)","Käse, Eier & Molkerei","False","https://img.rewe-static.de/8012283/31009296_digital-image.png"
"Arla Kaergarden Balance Gesalzen aus Butter & Rapsöl 200g","Arla","4100290068622","2.99","200g (1 kg = 14,95 €)","Käse, Eier & Molkerei","False","https://img.rewe-static.de/8976827/40798005_digital-image.png"
"Chocomel Schokomilch 300ml","Chocomel","4040600146193","1.09","300ml (1 l = 3,63 €)","Käse, Eier & Molkerei","False","https://img.rewe-static.de/7624086/42062652_digital-image.png"
"Milram Porridge mit Vollkornhafer Natur 400g","Milram","4036300157638","1.79","400g (1 kg = 4,48 €)","Käse, Eier & Molkerei","False","https://img.rewe-static.de/8762823/36454061_digital-image.png"
"Danone Activia Winter Edition Hafer, Apfel & Zimt 4x115g","Activia","4009700074317","2.69","4x115g (1 kg = 5,85 €)","Käse, Eier & Molkerei","False","https://img.rewe-static.de/8365388/35443069_digital-image.png"
"Lünebest Vanilla auf Erdbeer 150g","Lünebest","4003490055600","0.65","150g (1 kg = 4,33 €)","Käse, Eier & Molkerei","False","https://img.rewe-static.de/4956052/914860_digital-image.png"
"REWE Beste Wahl High Protein Pudding Vanille 200g","REWE Beste Wahl","4337256327817","0.99","200g (1 kg = 4,95 €)","Käse, Eier & Molkerei","False","https://img.rewe-static.de/8029347/44466805_digital-image.png"
"Leerdammer Original Scheiben 140g","Leerdammer","8721800405346","2.89","140g (1 kg = 20,64 €)","Käse, Eier & Molkerei","False","https://img.rewe-static.de/8849689/39009775_digital-image.png"
"Almette Kräuter 150g","Almette","4002468084017","1.99","150g (1 kg = 13,27 €)","Käse, Eier & Molkerei","False","https://img.rewe-static.de/4399544/2623650_digital-image.png"
"Miree Frischkäse Paprika-Chili 150g","Miree","40193052","1.99","150g (1 kg = 13,27 €)","Käse, Eier & Molkerei","False","https://img.rewe-static.de/2341840/31072970_digital-image.png"
"Zott Sahnejoghurt Pfirsich-Maracuja 150g","Zott","4014500059594","0.89","150g (1 kg = 5,93 €)","Käse, Eier & Molkerei","False","https://img.rewe-static.de/9891161/44614740_digital-image.png"
"Leerdammer Käse-Trio 125g","Leerdammer","8721800401737","2.89","125g (1 kg = 23,12 €)","Käse, Eier & Molkerei","False","https://img.rewe-static.de/8850367/37527737_digital-image.png"
"Bauer Fruchtjoghurt Kirsch 250g","Bauer","4002334113032","0.99","250g (1 kg = 3,96 €)","Käse, Eier & Molkerei","False","https://img.rewe-static.de/2559200/1332680_digital-image.png"
"Zott Sahnejoghurt mild Heidelbeere 150g","Zott","4014500518596","0.89","150g (1 kg = 5,93 €)","Käse, Eier & Molkerei","False","https://img.rewe-static.de/7909237/32856209_digital-image.png"
"Zott Sahnejoghurt mild Banane 150g","Zott","4014500518640","0.89","150g (1 kg = 5,93 €)","Käse, Eier & Molkerei","False","https://img.rewe-static.de/7911342/32856192_digital-image.png"
"Rama Cremefine zum Aufschlagen 19% 250ml","Rama","8719200040557","1.49","250ml (1 l = 5,96 €)","Käse, Eier & Molkerei","False","https://img.rewe-static.de/7695519/39780998_digital-image.png"
"Exquisa Der Sahnige Frischkäse Kräuter 200g","Exquisa","40193168","1.99","200g (1 kg = 9,95 €)","Käse, Eier & Molkerei","False","https://img.rewe-static.de/4528620/9190750_digital-image.png"
"Bauer Fruchtjoghurt Heidelbeere-Cassis 250g","Bauer","4002334113025","0.99","250g (1 kg = 3,96 €)","Käse, Eier & Molkerei","False","https://img.rewe-static.de/2559188/1499980_digital-image.png"
"Frischkäse mit Paprika","NA","2749810000005","1.49","1 Stück ca. 100 g (1 kg = 14,90 €)","Käse, Eier & Molkerei","True","https://img.rewe-static.de/8989520/39240291_digital-image.png"
"Bauer Fruchtjoghurt Banane 250g","Bauer","4002334113100","0.99","250g (1 kg = 3,96 €)","Käse, Eier & Molkerei","False","https://img.rewe-static.de/2559226/5497280_digital-image.png"
"Bärenmarke Die haltbare Alpenmilch 3,8% 1l","Bärenmarke","4045317058265","1.79","1l","Käse, Eier & Molkerei","False","https://img.rewe-static.de/0993578/35784305_digital-image.png"
"YoPRO High Protein Drink Erdbeer-Himbeer 270g","YoPRO","4009700050472","1.69","270g (1 kg = 6,26 €)","Käse, Eier & Molkerei","False","https://img.rewe-static.de/7498850/44115279_digital-image.png"
"Müller Müllermilch Shake Typ Schoko & Banane 400ml","Müller","42470397","0.79","400ml (1 l = 1,98 €)","Käse, Eier & Molkerei","True","https://img.rewe-static.de/9953293/45475531_digital-image.png"
"Bärenmarke Eiskaffee 1,8% Fett 1l","Bärenmarke","4045317054557","2.29","1l","Käse, Eier & Molkerei","False","https://img.rewe-static.de/2179632/22770329_digital-image.png"
"Hansano Butter 250g","Hansano","4016241060006","3.59","250g (1 kg = 14,36 €)","Käse, Eier & Molkerei","False","https://img.rewe-static.de/5711614/1761000_digital-image.png"
"REWE Beste Wahl Fruchtjoghurt mild Kirsche 150g","REWE Beste Wahl","4337256567091","0.35","150g (1 kg = 2,33 €)","Käse, Eier & Molkerei","False","https://img.rewe-static.de/0112430/19147140_digital-image.png"
"Arla Buko Frischkäse Pikante Kräuter 200g","Arla","5711953103810","0.99","200g (1 kg = 4,95 €)","Käse, Eier & Molkerei","True","https://img.rewe-static.de/8355945/40601807_digital-image.png"
"Beemster Knoblauch Schnittkäse 100g","Beemster","2126120000008","1.99","1 Stück ca. 100 g (1 kg = 19,90 €)","Käse, Eier & Molkerei","False","https://img.rewe-static.de/0763888/24950491_digital-image.png"
"Cambozola Classic am Stück","Cambozola","4000504412657","5.38","1 Stück ca. 200 g (1 kg = 26,90 €)","Käse, Eier & Molkerei","False","https://img.rewe-static.de/4495195/2674720_digital-image.png"
"Fol Epi Classic 150g","Fol Epi","3090291386041","2.69","150g (1 kg = 17,93 €)","Käse, Eier & Molkerei","False","https://img.rewe-static.de/9342478/2926570_digital-image.png"
"Rougette Der kleine Ofenkäse fein-würzig 180g","Rougette","4000504171622","2.22","180g (1 kg = 12,33 €)","Käse, Eier & Molkerei","True","https://img.rewe-static.de/0456032/7622980_digital-image.png"
"Dr. Oetker Götterspeise Minis Himbeere 6x50g","Dr. Oetker","4023600007442","1.19","6x50g (1 kg = 3,97 €)","Käse, Eier & Molkerei","False","https://img.rewe-static.de/1965193/21391095_digital-image.png"
"Mövenpick Caffè Cappuccino 189ml","Mövenpick","4002334110321","1.49","190ml (1 l = 7,88 €)","Käse, Eier & Molkerei","False","https://img.rewe-static.de/0021685/21145285_digital-image.png"
"Kerrygold extra mit Rapsöl ungesalzen 400g","Kerrygold","4001954165803","5.99","400g (1 kg = 14,98 €)","Käse, Eier & Molkerei","False","https://img.rewe-static.de/1464289/21333031_digital-image.png"
"REWE Bio Mozzarella 125g","REWE Bio","4337256162203","1.29","125g (1 kg = 10,32 €)","Käse, Eier & Molkerei","False","https://img.rewe-static.de/0200385/7299280_digital-image.png"
"Dr. Oetker Löffelglück Milchreis Natur 400g","Dr. Oetker","4023600017144","2.49","400g (1 kg = 6,23 €)","Käse, Eier & Molkerei","False","https://img.rewe-static.de/9112004/43979782_digital-image.png"
"Rücker Alter Schwede Mild 100g","Rücker","4013557082630","2.19","100g (1 kg = 21,90 €)","Käse, Eier & Molkerei","False","https://img.rewe-static.de/1490772/20782042_digital-image.png"
"REWE Bio Frische Weidemilch 3,8% 1l","REWE Bio","4337256566025","1.25","1l","Käse, Eier & Molkerei","False","https://img.rewe-static.de/0197872/2357080_digital-image.png"
"REWE Bio Mini Mozzarella 125g","REWE Bio","4337256505871","1.49","125g (1 kg = 11,92 €)","Käse, Eier & Molkerei","False","https://img.rewe-static.de/8831096/37380063_digital-image.png"
"Biskin Reines Pflanzenfett 1kg","Biskin","4000540061055","4.99","1000g","Käse, Eier & Molkerei","False","https://img.rewe-static.de/7231395/27594126_digital-image.png"
"Philadelphia Natur Doppelrahmstufe 175g","Philadelphia","7622300315733","2.19","175g (1 kg = 12,51 €)","Käse, Eier & Molkerei","False","https://img.rewe-static.de/0575043/44179063_digital-image.png"
"REWE Bio Joghurt mild 500g","REWE Bio","4337256866866","1.15","500g (1 kg = 2,30 €)","Käse, Eier & Molkerei","False","https://img.rewe-static.de/1144899/11748660_digital-image.png"
"Bergader Bergbauern Käse Scheiben mild-nussig 150g","Bergader","4006402046192","2.69","150g (1 kg = 17,93 €)","Käse, Eier & Molkerei","False","https://img.rewe-static.de/7238790/27521609_digital-image.png"
"REWE Bio Süßrahmbutter 250g","REWE Bio","4337256450386","3.49","250g (1 kg = 13,96 €)","Käse, Eier & Molkerei","False","https://img.rewe-static.de/0559003/2923130_digital-image.png"
"Müller Froop Himbeere 150g","Müller","40255231","0.79","150g (1 kg = 5,27 €)","Käse, Eier & Molkerei","False","https://img.rewe-static.de/3367460/936110_digital-image.png"
"Bauer Joghurt Schokosplits Stracciatella 225g","Bauer","4002334115838","0.99","225g (1 kg = 4,40 €)","Käse, Eier & Molkerei","False","https://img.rewe-static.de/9067453/42797172_digital-image.png"
"Bresso Kräuter aus der Provence 150g","Bresso","4000400008053","2.39","150g (1 kg = 15,93 €)","Käse, Eier & Molkerei","False","https://img.rewe-static.de/4533135/9167380_digital-image.png"
"Müller Milchreis Apfel 200g","Müller","40255682","0.99","200g (1 kg = 4,95 €)","Käse, Eier & Molkerei","False","https://img.rewe-static.de/5664560/7397260_digital-image.png"
"REWE Bio Frische Weidemilch 1,5% 1l","REWE Bio","4337256565905","1.15","1l","Käse, Eier & Molkerei","False","https://img.rewe-static.de/0197862/3568680_digital-image.png"
"Kerrygold Cheddar Scheiben herzhaft 150g","Kerrygold","5410396152934","2.99","150g (1 kg = 19,93 €)","Käse, Eier & Molkerei","False","https://img.rewe-static.de/2602784/31914783_digital-image.png"
"Saint Albray L'original 6 Portionen 180g","Saint Albray","3222110010695","3.39","6x30g (1 kg = 18,83 €)","Käse, Eier & Molkerei","False","https://img.rewe-static.de/2161044/4776490_digital-image.png"
"Bergader Bergbauern Käse Scheiben würzig-nussig 150g","Bergader","4006402049193","2.69","150g (1 kg = 17,93 €)","Käse, Eier & Molkerei","False","https://img.rewe-static.de/7236200/27521612_digital-image.png"
"Rama Streichfett Sooo Buttrig! gesalzen 225g","Rama","8719200233539","1.69","225g (1 kg = 7,51 €)","Käse, Eier & Molkerei","False","https://img.rewe-static.de/3070718/42905350_digital-image.png"
"Arla Buko Frischkäse Balance 200g","Arla","5711953103780","0.99","200g (1 kg = 4,95 €)","Käse, Eier & Molkerei","True","https://img.rewe-static.de/8358289/40601812_digital-image.png"
"Rama Cremefine zum Kochen 7% 250ml","Rama","8719200041219","1.49","250ml (1 l = 5,96 €)","Käse, Eier & Molkerei","False","https://img.rewe-static.de/0882076/39780862_digital-image.png"
"Dr. Oetker High Protein Milchreis 400g","Dr. Oetker","4023600015195","2.59","400g (1 kg = 6,48 €)","Käse, Eier & Molkerei","False","https://img.rewe-static.de/8846818/36950467_digital-image.png"
"Landliebe Grießpudding Zimt 150g","Landliebe","4067517001315","0.99","150g (1 kg = 6,60 €)","Käse, Eier & Molkerei","False","https://img.rewe-static.de/3022960/2854830_digital-image.png"
"Leerdammer Original mild 175g","Leerdammer","4388860277579","3.49","175g (1 kg = 19,94 €)","Käse, Eier & Molkerei","False","https://img.rewe-static.de/8254004/41638343_digital-image.png"
"REWE Bio Naturland Crème Fraîche 30% Fett 150g","REWE Bio","4337256460545","1.09","150g (1 kg = 7,27 €)","Käse, Eier & Molkerei","False","https://img.rewe-static.de/8766234/36758544_digital-image.png"
"Brunch Natur 185g","Brunch","4045357011442","1.99","185g (1 kg = 10,76 €)","Käse, Eier & Molkerei","False","https://img.rewe-static.de/8864032/37520400_digital-image.png"
"Patros Natur 180g","Patros","4002671151353","2.99","180g (1 kg = 16,61 €)","Käse, Eier & Molkerei","False","https://img.rewe-static.de/7004174/34337551_digital-image.png"
"REWE Bio Frischkäse mit Kräutern 175g","REWE Bio","4337256368674","1.39","175g (1 kg = 7,94 €)","Käse, Eier & Molkerei","False","https://img.rewe-static.de/8674448/35114072_digital-image.png"
"Leerdammer Delacreme 175g","Leerdammer","4388860276664","3.49","175g (1 kg = 19,94 €)","Käse, Eier & Molkerei","False","https://img.rewe-static.de/8254315/28790418_digital-image.png"
"REWE Frei von H-Schlagsahne 200g","REWE frei von","4337256603461","1.19","200g (1 kg = 5,95 €)","Käse, Eier & Molkerei","False","https://img.rewe-static.de/1267656/17130000_digital-image.png"
"Kinder Pingui 8 Stück","Kinder","4008400290829","2.79","8x30g (1 kg = 11,63 €)","Käse, Eier & Molkerei","False","https://img.rewe-static.de/9949968/6734760_digital-image.png"
"REWE Beste Wahl Schlagsahne 500g","REWE Beste Wahl","4337256554640","2.89","500g (1 kg = 5,78 €)","Käse, Eier & Molkerei","False","https://img.rewe-static.de/0112068/20937927_digital-image.png"
"Müller Joghurt mit der Ecke Schoko-Balls 150g","Müller","40255729","0.89","150g (1 kg = 5,93 €)","Käse, Eier & Molkerei","False","https://img.rewe-static.de/0833533/4773550_digital-image.png"
"Butcher's Burger Cheddar Burger Cheese 100g","Butcher's Burger","4337256456678","1.59","100g (1 kg = 15,90 €)","Käse, Eier & Molkerei","False","https://img.rewe-static.de/8538322/32850592_digital-image.png"
"Milram Müritzer Original cremig-würzig laktosefrei 150g","Milram","4036300005311","2.69","150g (1 kg = 17,93 €)","Käse, Eier & Molkerei","False","https://img.rewe-static.de/7215406/27484152_digital-image.png"
"Marca Italia Grana Padano POD Flake 125g","Marca Italia","8052879380068","2.89","125g (1 kg = 23,12 €)","Käse, Eier & Molkerei","False","https://img.rewe-static.de/8110119/28779018_digital-image.png"
"Landliebe Butterkäse sahnig-mild 150g","Landliebe","4043600615669","2.59","150g (1 kg = 17,27 €)","Käse, Eier & Molkerei","False","https://img.rewe-static.de/7607188/43242046_digital-image.png"
"Landliebe Sahnepudding Schokolade 150g","Landliebe","4067517001759","0.99","150g (1 kg = 6,60 €)","Käse, Eier & Molkerei","False","https://img.rewe-static.de/2861852/1862900_digital-image.png"
"Kiri Dippi praktischer Käse-Snack 3 Stück 105g","Kiri","3073781056358","2.99","105g (1 kg = 28,48 €)","Käse, Eier & Molkerei","False","https://img.rewe-static.de/2949721/25735095_digital-image.png"
"Arla Kaergarden Gesalzen aus Butter & Rapsöl 200g","Arla","4100290068608","2.99","200g (1 kg = 14,95 €)","Käse, Eier & Molkerei","False","https://img.rewe-static.de/7655435/40788231_digital-image.png"
"REWE Beste Wahl Joghurt mild Erdbeere 250g","REWE Beste Wahl","4337256145329","0.65","250g (1 kg = 2,60 €)","Käse, Eier & Molkerei","False","https://img.rewe-static.de/0112278/27406021_digital-image.png"
"Kinder Choco fresh 5x20,5g","Kinder","8000500309469","1.99","5x20,50g (1 kg = 19,41 €)","Käse, Eier & Molkerei","False","https://img.rewe-static.de/8106994/28857984_digital-image.png"
"REWE Beste Wahl Fettarmer Joghurt mild 1,5 % Fett 1kg","REWE Beste Wahl","4337256651790","1.79","1kg","Käse, Eier & Molkerei","False","https://img.rewe-static.de/8082671/29753704_digital-image.png"
"Milkana Schmelzkäse Kräuter 190g","Milkana","4045357010636","2.89","190g (1 kg = 15,21 €)","Käse, Eier & Molkerei","False","https://img.rewe-static.de/7813976/35571924_digital-image.png"
"Landliebe Sahnepudding Karamell 150g","Landliebe","4067517003111","0.99","150g (1 kg = 6,60 €)","Käse, Eier & Molkerei","False","https://img.rewe-static.de/9958214/45900144_digital-image.png"
"Kerrygold Pizzakäse gerieben 150g","Kerrygold","4001954304127","2.89","150g (1 kg = 19,27 €)","Käse, Eier & Molkerei","False","https://img.rewe-static.de/8836963/37167759_digital-image.png"
"Danone Actimel Drink Erdbeere 8x100g","Actimel","4009700074768","3.99","8x100g (1 kg = 4,99 €)","Käse, Eier & Molkerei","False","https://img.rewe-static.de/0346403/20311099_digital-image.png"
"REWE Bio + vegan Soja Drink 1l","REWE Bio","4337256272773","0.95","1l","Käse, Eier & Molkerei","False","https://img.rewe-static.de/0585223/4779410_digital-image.png"
"St. Mang Allgäuer Limburger 200g","St. Mang","4101430004104","2.99","200g (1 kg = 14,95 €)","Käse, Eier & Molkerei","False","https://img.rewe-static.de/4485173/942460_digital-image.png"
"Hamfelder Hof Bio Vollmilch länger haltbar 3,8% 1l","Hamfelder Hof","4056479184006","1.99","1l","Käse, Eier & Molkerei","False","https://img.rewe-static.de/8247919/23949334_digital-image.png"
"Dr. Oetker High Protein Pudding Grieß 400g","Dr. Oetker","4023600013511","2.59","400g (1 kg = 6,48 €)","Käse, Eier & Molkerei","False","https://img.rewe-static.de/8411171/30785445_digital-image.png"
"Milkana Käsevielfalt 8 Ecken 190g","Milkana","4045357011978","2.89","190g (1 kg = 15,21 €)","Käse, Eier & Molkerei","False","https://img.rewe-static.de/7696667/38571406_digital-image.png"
"Milkana Tolle Rolle Original 100g","Milkana","4045357007391","2.69","100g (1 kg = 26,90 €)","Käse, Eier & Molkerei","False","https://img.rewe-static.de/2888574/25376047_digital-image.png"
"Landliebe Meine Auszeit Vollmilchpudding Vanille 225g","Landliebe","4067517000585","0.99","225g (1 kg = 4,40 €)","Käse, Eier & Molkerei","False","https://img.rewe-static.de/8395948/30549020_digital-image.png"
"Marca Italia Pecorino Romano gerieben 60g","Marca Italia","8052879380808","1.79","60g","Käse, Eier & Molkerei","False","https://img.rewe-static.de/7654347/42379242_digital-image.png"
"Weight Watchers Brotaufstrich Buttergeschmack 250g","Weight Watchers","5410093162090","1.49","250g (1 kg = 5,96 €)","Käse, Eier & Molkerei","False","https://img.rewe-static.de/1079346/30703332_digital-image.png"
"Milram Burlander herzhaft-würzig Scheiben 150g","Milram","4036300107756","2.69","150g (1 kg = 17,93 €)","Käse, Eier & Molkerei","False","https://img.rewe-static.de/2039601/22507794_digital-image.png"
"Milram Rahmkäse Scheiben 150g","Milram","4036300003294","2.69","150g (1 kg = 17,93 €)","Käse, Eier & Molkerei","False","https://img.rewe-static.de/7000256/26531025_digital-image.png"
"REWE Beste Wahl Joghurt mild Nuss 250g","REWE Beste Wahl","4337256144209","0.65","250g (1 kg = 2,60 €)","Käse, Eier & Molkerei","False","https://img.rewe-static.de/0112355/20277302_digital-image.png"
"Danone Fruchtzwerge Go Erdbeere 70g","Fruchtzwerge","4009700077998","0.79","70g (1 kg = 11,29 €)","Käse, Eier & Molkerei","False","https://img.rewe-static.de/2703758/42753889_digital-image.png"
"Schwarzwaldmilch Haltbare Protein Milch 0,9% 1l","Schwarzwaldmilch","4046700001806","1.79","1l","Käse, Eier & Molkerei","False","https://img.rewe-static.de/8676563/34754936_digital-image.png"
"Milram Gurkenquark 185g","Milram","40466132","1.49","185g (1 kg = 8,05 €)","Käse, Eier & Molkerei","False","https://img.rewe-static.de/8414364/31009406_digital-image.png"
"Simply V Scheiben Character vegan 150g","Simply V","4260444963019","2.49","150g (1 kg = 16,60 €)","Käse, Eier & Molkerei","False","https://img.rewe-static.de/9026349/42440842_digital-image.png"
"REWE Bio Emmentaler gerieben 150g","REWE Bio","4337256416399","1.79","150g (1 kg = 11,93 €)","Käse, Eier & Molkerei","False","https://img.rewe-static.de/0577900/845840_digital-image.png"
"Hansano Frische Schlagsahne 30% 250g","Hansano","4016241020154","1.59","250g (1 kg = 6,36 €)","Käse, Eier & Molkerei","False","https://img.rewe-static.de/0151822/3565570_digital-image.png"
"Emmi Caffe Latte Vanilla 230ml","Emmi","7610900042562","2.19","230ml (1 l = 9,52 €)","Käse, Eier & Molkerei","False","https://img.rewe-static.de/1313731/18596800_digital-image.png"
"Appenzeller mild-würzig in Scheiben","Appenzeller","2110320000005","2.59","1 Stück ca. 100 g (1 kg = 25,90 €)","Käse, Eier & Molkerei","False","https://img.rewe-static.de/7242190/909830_digital-image.png"
"Arla Buko Frischkäse Der Sahnige 200g","Arla","5711953103766","0.99","200g (1 kg = 4,95 €)","Käse, Eier & Molkerei","True","https://img.rewe-static.de/8357002/40601760_digital-image.png"
"Berief Bio Naturland Hafer ohne Zucker 1l","Berief","4004790037358","1.79","1l","Käse, Eier & Molkerei","False","https://img.rewe-static.de/7698503/38670546_digital-image.png"
"REWE to go Frühstücksmüsli Schoko-Kirsch mit Schoko-Knusper-Müsli 285g","REWE to go","42258810","2.19","285g (1 kg = 7,68 €)","Käse, Eier & Molkerei","False","https://img.rewe-static.de/2849340/25598195_digital-image.png"
"Arla Skyr Himbeere & Cranberry 450g","Arla","4016241040619","1.49","450g (1 kg = 3,31 €)","Käse, Eier & Molkerei","True","https://img.rewe-static.de/2835838/35110986_digital-image.png"
"Weihenstephan Vanille-Quark 500g","Weihenstephan","4008452024359","2.29","500g (1 kg = 4,58 €)","Käse, Eier & Molkerei","False","https://img.rewe-static.de/0137736/22712896_digital-image.png"
"Weihenstephan Fruchtquark Himbeere 500g","Weihenstephan","4008452024618","2.29","500g (1 kg = 4,58 €)","Käse, Eier & Molkerei","False","https://img.rewe-static.de/0195086/26388466_digital-image.png"
"Loose Quäse mild 220g","Loose","40858487","2.99","220g (1 kg = 13,59 €)","Käse, Eier & Molkerei","False","https://img.rewe-static.de/0487192/4773340_digital-image.png"
"Holstein Frische Kroneier 6 Stück","NA","4016184000060","2.49","6 Stück","Käse, Eier & Molkerei","False","https://img.rewe-static.de/1192724/30827944_digital-image.png"
"REWE Bio Schafjoghurt 5% 125g","REWE Bio","4337256176835","0.85","125g (1 kg = 6,80 €)","Käse, Eier & Molkerei","False","https://img.rewe-static.de/7232641/28567382_digital-image.png"
"Meggle Kräuterbutter-Rolle Original 125g","Meggle","40349251","2.99","125g (1 kg = 23,92 €)","Käse, Eier & Molkerei","False","https://img.rewe-static.de/4529464/25707403_digital-image.png"
"Rügener Badejunge Der Sahnige 150g","Rügener Badejunge","40508429","2.69","150g (1 kg = 17,93 €)","Käse, Eier & Molkerei","False","https://img.rewe-static.de/7201664/1374940_digital-image.png"
"Müller Joghurt mit der Schlemmer-Ecke Heidelbeere 150g","Müller","42109877","0.89","150g (1 kg = 5,93 €)","Käse, Eier & Molkerei","False","https://img.rewe-static.de/1492918/2737300_digital-image.png"
"Landliebe frische Landmilch 3,8% 1l","Landliebe","4046700026519","1.69","1l","Käse, Eier & Molkerei","False","https://img.rewe-static.de/4561040/7396890_digital-image.png"
"Lünebest Mocca-Joghurt 150g","Lünebest","4003490055723","0.65","150g (1 kg = 4,33 €)","Käse, Eier & Molkerei","False","https://img.rewe-static.de/2286564/7398660_digital-image.png"
"Ehrmann High Protein Chocolate Mousse 200 g","Ehrmann","4002971283808","1.99","200g (1 kg = 9,95 €)","Käse, Eier & Molkerei","False","https://img.rewe-static.de/8501603/32076781_digital-image.png"
"Ehrmann Grand Dessert Schoko 190g","Grand Dessert","4002971253009","0.44","190g (1 kg = 2,32 €)","Käse, Eier & Molkerei","True","https://img.rewe-static.de/7182494/27436675_digital-image.png"
"REWE Bio Joghurt mild Erdbeer-Himbeer 150g","REWE Bio","4337256387415","0.49","150g (1 kg = 3,27 €)","Käse, Eier & Molkerei","True","https://img.rewe-static.de/0784612/5300410_digital-image.png"
"Arla Skyr Natur 450g","Arla","4016241030603","1.49","450g (1 kg = 3,31 €)","Käse, Eier & Molkerei","True","https://img.rewe-static.de/2458768/35110961_digital-image.png"
"REWE Bio Speisequark Magerstufe 250g","REWE Bio","4337256080347","1.15","250g (1 kg = 4,60 €)","Käse, Eier & Molkerei","False","https://img.rewe-static.de/3068788/26055835_digital-image.png"
"Géramont cremig-zarte Scheiben sahnig-mild 150g","Géramont","3090291116044","3.49","150g (1 kg = 23,27 €)","Käse, Eier & Molkerei","False","https://img.rewe-static.de/2255510/4783760_digital-image.png"
"Milchschnitte 5x28g","Ferrero","40084794","1.11","5x28g (1 kg = 7,93 €)","Käse, Eier & Molkerei","True","https://img.rewe-static.de/5408539/27759577_digital-image.png"
"Schweizer Emmentaler 120g","NA","4388844230668","2.15","120g (1 kg = 17,92 €)","Käse, Eier & Molkerei","True","https://img.rewe-static.de/2843602/41638735_digital-image.png"
"Oatly Haferdrink Barista Edition vegan 1l","Oatly","7394376616501","2.35","1l","Käse, Eier & Molkerei","False","https://img.rewe-static.de/7223891/27491349_digital-image.png"
"Arla Kaergarden Ungesalzen aus Butter & Rapsöl 350g","Arla","4100290069100","4.49","350g (1 kg = 12,83 €)","Käse, Eier & Molkerei","False","https://img.rewe-static.de/2471323/40819314_digital-image.png"
"Alpro Joghurtalternative Soja Erdbeere 400g","Alpro","5411188138037","1.99","400g (1 kg = 4,98 €)","Käse, Eier & Molkerei","False","https://img.rewe-static.de/8939399/39314914_digital-image.png"
"Berief Bio Hafer Drink Natur vegan 1l","Berief","4004790017565","1.79","1l","Käse, Eier & Molkerei","False","https://img.rewe-static.de/8156317/28061400_digital-image.png"
"REWE Bio Joghurt mild 150g","REWE Bio","4337256061186","0.45","150g (1 kg = 3 €)","Käse, Eier & Molkerei","False","https://img.rewe-static.de/0194192/1210600_digital-image.png"
"Oatly Bio Hafer-Drink Classic vegan 1l","Oatly","7394376615894","2.19","1l","Käse, Eier & Molkerei","False","https://img.rewe-static.de/0324958/22499534_digital-image.png"
"yfood Trinkmahlzeit Crazy Coconut 500ml","yfood","4260556635613","2.99","500ml (1 l = 5,98 €)","Käse, Eier & Molkerei","True","https://img.rewe-static.de/9019484/42207199_digital-image.png"
"Meggle Butterschmalz 250g","Meggle","4034900008268","5.39","250g (1 kg = 21,56 €)","Käse, Eier & Molkerei","False","https://img.rewe-static.de/8020267/30761693_digital-image.png"
"Géramont Cremig-Würzig 200g","Géramont","3047670000692","3.49","200g (1 kg = 17,45 €)","Käse, Eier & Molkerei","False","https://img.rewe-static.de/0501832/2416940_digital-image.png"
"Castello Havarti 160g","Arla","4388844117662","2.99","160g (1 kg = 18,69 €)","Käse, Eier & Molkerei","False","https://img.rewe-static.de/1912656/20957938_digital-image.png"
"Müller Müllermilch Erdbeere 400ml","Müller","42448853","0.79","400ml (1 l = 1,98 €)","Käse, Eier & Molkerei","True","https://img.rewe-static.de/9024283/42080156_digital-image.png"
"Alpro Joghurtalternative Soja Pfirsich vegan 400g","Alpro","5411188137917","1.99","400g (1 kg = 4,98 €)","Käse, Eier & Molkerei","False","https://img.rewe-static.de/7679439/39314904_digital-image.png"
"Alpro High Protein Pudding Vanille vegan 200g","Alpro","5411188137887","1.39","200g (1 kg = 6,95 €)","Käse, Eier & Molkerei","False","https://img.rewe-static.de/9020320/39610450_digital-image.png"
"Mövenpick Feinjoghurt Mango-Vanille 150g","Mövenpick","4002334117498","0.99","150g (1 kg = 6,60 €)","Käse, Eier & Molkerei","False","https://img.rewe-static.de/1042957/23363929_digital-image.png"
"Kerrygold extra ungesalzen mit Rapsöl 250g","Kerrygold","4001954165018","3.99","250g (1 kg = 15,96 €)","Käse, Eier & Molkerei","False","https://img.rewe-static.de/0793853/5586440_digital-image.png"
"Milram Buttermilch-Drink Himbeere 750g","Milram","4036300095244","1.79","750g (1 kg = 2,39 €)","Käse, Eier & Molkerei","False","https://img.rewe-static.de/1166870/23813530_digital-image.png"
"YoPRO High Protein Skyr Zitrone 160g","YoPRO","4009700050298","1.19","160g (1 kg = 7,44 €)","Käse, Eier & Molkerei","False","https://img.rewe-static.de/9200930/44414139_digital-image.png"
"Mövenpick Feinjoghurt Aprikose 150g","Mövenpick","4002334115715","0.99","150g (1 kg = 6,60 €)","Käse, Eier & Molkerei","False","https://img.rewe-static.de/8793329/38413272_digital-image.png"
"Castello Höhlenkäse 160g","Castello","4388844117181","3.19","160g (1 kg = 19,94 €)","Käse, Eier & Molkerei","False","https://img.rewe-static.de/1912646/20942991_digital-image.png"
"Dr. Oetker Götterspeise Waldmeister-Geschmack XXL 500g","Dr. Oetker","4023600012484","1.69","500g (1 kg = 3,38 €)","Käse, Eier & Molkerei","False","https://img.rewe-static.de/8300076/29250046_digital-image.png"
"Christians Grod Original Dänische Dessertsauce mit Vanillegeschmack 500ml","Christians Grød","5701116016231","2.39","500ml (1 l = 4,78 €)","Käse, Eier & Molkerei","False","https://img.rewe-static.de/8106815/29823844_digital-image.png"
"yfood Trinkmahlzeit Classic Choco 500ml","yfood","4260556635460","2.99","500ml (1 l = 5,98 €)","Käse, Eier & Molkerei","True","https://img.rewe-static.de/9019224/42034382_digital-image.png"
"Exquisa QuarkCreme Natur 0,2% 500g","Exquisa","40193502","2.29","500g (1 kg = 4,58 €)","Käse, Eier & Molkerei","False","https://img.rewe-static.de/7147635/24338238_digital-image.png"
"REWE Beste Wahl Joghurt mild Himbeere 250g","REWE Beste Wahl","4337256150514","0.65","250g (1 kg = 2,60 €)","Käse, Eier & Molkerei","False","https://img.rewe-static.de/0112287/20277233_digital-image.png"
"Marca Italia Ricotta 250g","Marca Italia","8052879380242","1.59","250g (1 kg = 6,36 €)","Käse, Eier & Molkerei","False","https://img.rewe-static.de/8403010/30582445_digital-image.png"
"Seraphos Joghurt Griechischer Art 4x100g","Seraphos","4002334110802","1.65","4x100g (1 kg = 4,13 €)","Käse, Eier & Molkerei","False","https://img.rewe-static.de/2417281/23944999_digital-image.png"
"Meggle Kräuterbutter portioniert 5x20g","Meggle","40349343","2.49","5x20g (1 kg = 24,90 €)","Käse, Eier & Molkerei","False","https://img.rewe-static.de/4529472/7395990_digital-image.png"
"Kerrygold Original Irische Butter 200g","Kerrygold","4001954161904","3.99","200g (1 kg = 19,95 €)","Käse, Eier & Molkerei","False","https://img.rewe-static.de/2798545/25056575_digital-image.png"
"Beemster Pikant Scheiben 165g","Beemster","8712243074305","3.09","165g (1 kg = 18,73 €)","Käse, Eier & Molkerei","False","https://img.rewe-static.de/1311442/41608012_digital-image.png"
"Müller Müllermilch Vanille 400ml","Müller","42448846","0.79","400ml (1 l = 1,98 €)","Käse, Eier & Molkerei","True","https://img.rewe-static.de/7622785/42080146_digital-image.png"
"Alpro Joghurtalternative Soja Natur ohne Zucker 400g","Alpro","5411188138099","1.99","400g (1 kg = 4,98 €)","Käse, Eier & Molkerei","False","https://img.rewe-static.de/8936874/39489332_digital-image.png"
"REWE Bio Gouda gerieben 150g","REWE Bio","4337256415170","1.79","150g (1 kg = 11,93 €)","Käse, Eier & Molkerei","False","https://img.rewe-static.de/7814263/36263688_digital-image.png"
"Saint Agur 125g","NA","3341504003935","3.39","125g (1 kg = 27,12 €)","Käse, Eier & Molkerei","False","https://img.rewe-static.de/2997274/30077646_digital-image.png"
"Bergader Weichkäse Bavaria blu Der Feinwürzige 150g","Bavaria blu","4006402025128","2.99","150g (1 kg = 19,93 €)","Käse, Eier & Molkerei","False","https://img.rewe-static.de/6690904/904340_digital-image.png"
"Rama Streichfett Sooo Buttrig! mit Vitamin B12 225g","Rama","8719200233744","1.69","225g (1 kg = 7,51 €)","Käse, Eier & Molkerei","False","https://img.rewe-static.de/3070721/42905348_digital-image.png"
"REWE Bio Gouda Holland jung 250g","REWE Bio","4337256547826","2.89","250g (1 kg = 11,56 €)","Käse, Eier & Molkerei","False","https://img.rewe-static.de/7715074/39839819_digital-image.png"
"Laru Schweineschmalz 250g","Laru","40309057","1.39","250g (1 kg = 5,56 €)","Käse, Eier & Molkerei","False","https://img.rewe-static.de/4529227/21936654_digital-image.png"
"REWE Feine Welt Le Gruyère 11 Monate 150g","REWE Feine Welt","4388860191530","3.99","150g (1 kg = 26,60 €)","Käse, Eier & Molkerei","False","https://img.rewe-static.de/7259886/28239385_digital-image.png"
"St. Mang Rubius Der Milde 180g","St. Mang","4101430004814","2.99","180g (1 kg = 16,61 €)","Käse, Eier & Molkerei","False","https://img.rewe-static.de/2737796/25291783_digital-image.png"
"Dr. Oetker Kirsch Grütze Dessert mit Vanillecreme 160g","Dr. Oetker","4000521580902","1.19","160g (1 kg = 7,44 €)","Käse, Eier & Molkerei","False","https://img.rewe-static.de/3246574/30785955_digital-image.png"
"REWE Bio Speisequarkzubereitung Halbfettstufe 250g","REWE Bio","4337256385428","1.29","250g (1 kg = 5,16 €)","Käse, Eier & Molkerei","False","https://img.rewe-static.de/0194183/4779790_digital-image.png"
"Violife Pizza Mix Gerieben Vegan 150g","Violife","5202390031106","2.49","150g (1 kg = 16,60 €)","Käse, Eier & Molkerei","False","https://img.rewe-static.de/7588424/43330965_digital-image.png"
"Huel Trinkmahlzeit Schokolade 0,5l","NA","5060495114830","3.79","500ml (1 l = 7,58 €)","Käse, Eier & Molkerei","False","https://img.rewe-static.de/8573845/34680475_digital-image.png"
"Appenzeller Schweizer Fondue Käse 400g","Appenzeller","7640103588550","5.99","400g (1 kg = 14,98 €)","Käse, Eier & Molkerei","False","https://img.rewe-static.de/1244503/22472206_digital-image.png"
"Hansano Naturjoghurt 3,5% Fett 500g","Hansano","4016241030009","1.19","500g (1 kg = 2,38 €)","Käse, Eier & Molkerei","False","https://img.rewe-static.de/7203721/3877290_digital-image.png"
"Rücker Grill-& Pfannenkäse Natur 150g","Rücker","4008960221868","2.49","150g (1 kg = 16,60 €)","Käse, Eier & Molkerei","False","https://img.rewe-static.de/8019616/31090261_digital-image.png"
"Milkana Schmelzkäse Cremig Leicht 190g","Milkana","4045357010841","2.89","190g (1 kg = 15,21 €)","Käse, Eier & Molkerei","False","https://img.rewe-static.de/7813121/35571614_digital-image.png"
"Glücksklee Sprühsahne Finesse 250ml","Glücksklee","4045317053604","2.89","250ml (1 l = 11,56 €)","Käse, Eier & Molkerei","False","https://img.rewe-static.de/7685211/2114550_digital-image.png"
"MinusL Joghurt griechische Art Natur 400g","MinusL","4062800014829","1.69","400g (1 kg = 4,23 €)","Käse, Eier & Molkerei","False","https://img.rewe-static.de/2606749/24938141_digital-image.png"
"MinusL Schlagsahne 200g","MinusL","4062800008170","1.49","200ml (1 l = 7,45 €)","Käse, Eier & Molkerei","False","https://img.rewe-static.de/1095670/11870440_digital-image.png"
"Danone Actimel Drink Classic 8x100g","Actimel","4009700074720","3.99","8x100g (1 kg = 4,99 €)","Käse, Eier & Molkerei","False","https://img.rewe-static.de/3807371/20311160_digital-image.png"
"REWE Beste Wahl Joghurt mild Banane 250g","REWE Beste Wahl","4337256150569","0.65","250g (1 kg = 2,60 €)","Käse, Eier & Molkerei","False","https://img.rewe-static.de/0112285/20276806_digital-image.png"
"Bärenmarke Frischer Kakao 1l","Bärenmarke","4045317058074","2.29","1l","Käse, Eier & Molkerei","False","https://img.rewe-static.de/8183927/28182845_digital-image.png"
"Hansano Frische Schlagsahne 30% 500g","Hansano","4016241020161","2.79","500g (1 kg = 5,58 €)","Käse, Eier & Molkerei","False","https://img.rewe-static.de/0151818/4770910_digital-image.png"
"REWE Bio Joghurt mild Vanille 150g","REWE Bio","4337256386807","0.49","150g (1 kg = 3,27 €)","Käse, Eier & Molkerei","True","https://img.rewe-static.de/0784616/5300470_digital-image.png"
"Meggle Kräuter-Tube vegan 80ml","Meggle","4034900011244","2.49","80ml (1 l = 31,13 €)","Käse, Eier & Molkerei","False","https://img.rewe-static.de/7814816/35135529_digital-image.png"
"Mövenpick Feinjoghurt Himbeere 150g","Mövenpick","4002334117566","0.99","150g (1 kg = 6,60 €)","Käse, Eier & Molkerei","False","https://img.rewe-static.de/9615830/4791670_digital-image.png"
"REWE Feine Welt Wachteleier Auslaufhaltung 12 Stück","REWE Feine Welt","4388844300279","2.99","12 Stück","Käse, Eier & Molkerei","False","https://img.rewe-static.de/7056609/26873057_digital-image.png"
"REWE Beste Wahl High Protein Pudding Grieß Zimt 200g","REWE Beste Wahl","4337256726863","0.69","200g","Käse, Eier & Molkerei","False","https://img.rewe-static.de/7667513/44466672_digital-image.png"
"Zum Dorfkrug Pudding Schokolade 375g","Zum Dorfkrug","4260054653614","2.49","375g (1 kg = 6,64 €)","Käse, Eier & Molkerei","False","https://img.rewe-static.de/2321209/23450208_digital-image.png"
"REWE Bio Bergkäse 150g","REWE Bio","4337256107259","2.19","150g (1 kg = 14,60 €)","Käse, Eier & Molkerei","False","https://img.rewe-static.de/0505322/7331050_digital-image.png"
"Chaumes französischer Weichkäse am Stück","NA","3222110000115","3.89","1 Stück ca. 150 g (1 kg = 25,90 €)","Käse, Eier & Molkerei","False","https://img.rewe-static.de/4599071/29520825_digital-image.png"
"REWE Bio + vegan Hafer Drink ohne Zucker 1l","REWE Bio","4337256571005","0.9","1l","Käse, Eier & Molkerei","False","https://img.rewe-static.de/8644883/35532057_digital-image.png"
"Andros Joghurt aus Kokosmilch Natur vegan 350g","Andros SO GOOD So Veggie","4250950115026","1.99","350g (1 kg = 5,69 €)","Käse, Eier & Molkerei","False","https://img.rewe-static.de/8889942/38309043_digital-image.png"
"Weideglück Milchreis nach klassischer Art 800g","Weideglück","4028900010000","2.79","800g (1 kg = 3,49 €)","Käse, Eier & Molkerei","False","https://img.rewe-static.de/0204453/2896360_digital-image.png"
"Starbucks Café Latte Eiskaffee 220ml","Starbucks","5760466920537","2.49","220ml (1 l = 11,32 €)","Käse, Eier & Molkerei","False","https://img.rewe-static.de/0965239/40601725_digital-image.png"
"REWE Beste Wahl High Protein Pudding Grieß Pur 200g","REWE Beste Wahl","4337256725033","0.69","200g (1 kg = 3,45 €)","Käse, Eier & Molkerei","False","https://img.rewe-static.de/7862433/44466718_digital-image.png"
"Andechser Natur Bio Bioland Kefir 500g","Andechser Natur","4104060031960","1.39","500g (1 kg = 2,78 €)","Käse, Eier & Molkerei","False","https://img.rewe-static.de/7625734/42207188_digital-image.png"
"Schwartau Eiswunder 125ml","Schwartau","4011800419004","2.59","125ml (1 l = 20,72 €)","Käse, Eier & Molkerei","False","https://img.rewe-static.de/4395506/18439910_digital-image.png"
"Mövenpick Feinjoghurt Heidelbeere-Cassis 150g","Mövenpick","4002334117559","0.99","150g (1 kg = 6,60 €)","Käse, Eier & Molkerei","False","https://img.rewe-static.de/9615792/2170880_digital-image.png"
"Zum Dorfkrug Heidelbeergrütze vegan 360g","Zum Dorfkrug","4260054650491","2.49","360g (1 kg = 6,92 €)","Käse, Eier & Molkerei","False","https://img.rewe-static.de/9045417/42214416_digital-image.png"
"REWE Beste Wahl Käse-Würfel aus altem Gouda 175g","REWE Beste Wahl","4337256849401","2.99","175g (1 kg = 17,09 €)","Käse, Eier & Molkerei","False","https://img.rewe-static.de/9015613/42761656_digital-image.png"
"Müller Joghurt mit der Ecke Knusper Original 150g","Müller","42103684","0.89","150g (1 kg = 5,93 €)","Käse, Eier & Molkerei","False","https://img.rewe-static.de/1492284/6841280_digital-image.png"
"Zuivelhoeve Vla-Genuss Duo-Vla Vanille-Schokolade 800g","Zuivelhoeve","8711399012599","2.59","800g (1 kg = 3,24 €)","Käse, Eier & Molkerei","False","https://img.rewe-static.de/0455072/2552040_digital-image.png"
"REWE Bio Gouda Mittelalt pikant 150g","REWE Bio","4337256469319","2.59","150g (1 kg = 17,27 €)","Käse, Eier & Molkerei","False","https://img.rewe-static.de/7743850/41638524_digital-image.png"
"Söbbeke Bio Joghurt mild Natur ABC 3,8% 500g","Söbbeke Pauls Biomolkerei","4008471505006","1.95","500g (1 kg = 3,90 €)","Käse, Eier & Molkerei","False","https://img.rewe-static.de/8972451/25600519_digital-image.png"
"Zum Dorfkrug Kirschgrütze 375g","Zum Dorfkrug","4260054653225","2.49","375g (1 kg = 6,64 €)","Käse, Eier & Molkerei","False","https://img.rewe-static.de/2143234/22351577_digital-image.png"
"REWE Bio + vegan Eiersatz 15g","REWE Bio","4337256581424","0.79","15g (1 kg = 52,67 €)","Käse, Eier & Molkerei","False","https://img.rewe-static.de/8893877/39124597_digital-image.png"
"Alpro Joghurtalternative Soja Hafer+ Natur 400g","Alpro","5411188130741","1.99","400g (1 kg = 4,98 €)","Käse, Eier & Molkerei","False","https://img.rewe-static.de/8044278/33917876_digital-image.png"
"Le Tartare Frischkäse Kräuter 150g","NA","3272770003575","3.29","150g (1 kg = 21,93 €)","Käse, Eier & Molkerei","False","https://img.rewe-static.de/4511565/30304963_digital-image.png"
"Oatly Aufstrich Gurke & Knoblauch 150g","Oatly","7394376617157","1.99","150g (1 kg = 13,27 €)","Käse, Eier & Molkerei","False","https://img.rewe-static.de/8020972/30670851_digital-image.png"
"Ehrmann Almighurt Kirsche 150g","Ehrmann","4002971010206","0.79","150g (1 kg = 5,27 €)","Käse, Eier & Molkerei","False","https://img.rewe-static.de/6871640/3780540_digital-image.png"
"REWE to go Quarkcreme Mandarine 250g","REWE to go","42259831","2.19","250g (1 kg = 8,76 €)","Käse, Eier & Molkerei","False","https://img.rewe-static.de/8053331/30316622_digital-image.png"
"Bergbauern Käse Minilaib mild-cremig 300g","Bergader","4006402039385","3.99","300g (1 kg = 13,30 €)","Käse, Eier & Molkerei","False","https://img.rewe-static.de/1237172/21059308_digital-image.png"
"Ehrmann Almighurt Apfel-Birne 150g","Ehrmann","4002971013207","0.79","150g (1 kg = 5,27 €)","Käse, Eier & Molkerei","False","https://img.rewe-static.de/1916360/3312830_digital-image.png"
"Ehrmann Almighurt Kirsch-Banane 150g","Ehrmann","4002971037302","0.79","150g (1 kg = 5,27 €)","Käse, Eier & Molkerei","False","https://img.rewe-static.de/3997693/5929340_digital-image.png"
"REWE Bio H-Vollmilch 3,8% 1l","REWE Bio","4337256379717","1.15","1l","Käse, Eier & Molkerei","False","https://img.rewe-static.de/0197889/42715185_digital-image.png"
"Emmi Caffe Latte Cappuccino 230ml","Emmi","7610900138906","2.19","230ml (1 l = 9,52 €)","Käse, Eier & Molkerei","False","https://img.rewe-static.de/2789787/29215004_digital-image.png"
"Matilde Dänische Vanillesoße 500ml","Matilde","4100290078928","2.69","500ml (1 l = 5,38 €)","Käse, Eier & Molkerei","False","https://img.rewe-static.de/6631304/30023034_digital-image.png"
"Rücker Alter Schwede Schnittkäse kräftig 50% 150g","Rücker","4388844116054","3.39","150g (1 kg = 22,60 €)","Käse, Eier & Molkerei","False","https://img.rewe-static.de/1910763/21172402_digital-image.png"
"REWE Bio Joghurt mild 3,8% 500g","REWE Bio","4337256880091","1.39","500g (1 kg = 2,78 €)","Käse, Eier & Molkerei","False","https://img.rewe-static.de/8304439/31937745_digital-image.png"
"Emmi Scharfer Maxx in Scheiben","Emmi","2282020000002","3.99","1 Stück ca. 100 g (1 kg = 39,90 €)","Käse, Eier & Molkerei","False","https://img.rewe-static.de/0966283/28836907_digital-image.png"
"Marca Italia Parmigiano Reggiano 200g","Marca Italia","8002226006189","5.99","200g (1 kg = 29,95 €)","Käse, Eier & Molkerei","False","https://img.rewe-static.de//8046391/41638340_digital-image.png"
"Laru Apfel-Grieben Schmalz 150g","Laru","40309873","1.59","150g (1 kg = 10,60 €)","Käse, Eier & Molkerei","False","https://img.rewe-static.de/7086930/32235052_digital-image.png"
"Andechser Natur Bio-Ziegen-Jogurt 125g","Andechser Natur","4104060025716","0.85","125g (1 kg = 6,80 €)","Käse, Eier & Molkerei","False","https://img.rewe-static.de/0482271/20710302_digital-image.png"
"Lünebest Vanille-Joghurt auf Frucht Kirsche 150g","Lünebest","4003490055624","0.65","150g (1 kg = 4,33 €)","Käse, Eier & Molkerei","False","https://img.rewe-static.de/4956095/7396150_digital-image.png"
"Ehrmann Lacto Zero Vanille 135g","Ehrmann","4002971616903","1.09","135g (1 kg = 8,07 €)","Käse, Eier & Molkerei","False","https://img.rewe-static.de/7718651/38299441_digital-image.png"
"Rücker Alt-Mecklenburger naturgereift rahmig-mild 100g","Rücker","4013557044379","2.19","100g (1 kg = 21,90 €)","Käse, Eier & Molkerei","False","https://img.rewe-static.de/2172149/23684827_digital-image.png"
"Zum Dorfkrug Vanillesauce 125ml","Zum Dorfkrug","4260054653010","1.29","125ml (1 l = 10,32 €)","Käse, Eier & Molkerei","False","https://img.rewe-static.de/1402801/20669211_digital-image.png"
"Hansano Haltbare Weidemilch 3,5% 1l","Hansano","4016241070166","1.59","1l","Käse, Eier & Molkerei","False","https://img.rewe-static.de/1136787/12943490_digital-image.png"
"Leckermäulchen Milchquark-Mahlzeit Erdbeer 150g","Leckermäulchen","40455433","0.89","150g (1 kg = 5,93 €)","Käse, Eier & Molkerei","False","https://img.rewe-static.de/1097750/1215590_digital-image.png"
"Ehrmann Almighurt Stracciatella-Erdbeere 150g","Ehrmann","4002971014006","0.79","150g (1 kg = 5,27 €)","Käse, Eier & Molkerei","False","https://img.rewe-static.de/1955430/21098292_digital-image.png"
"Ehrmann Almighurt Nektarine-Floridaorange 150g","Ehrmann","4002971011302","0.79","150g (1 kg = 5,27 €)","Käse, Eier & Molkerei","False","https://img.rewe-static.de/1916467/41834347_digital-image.png"
"Arla Skyr Der Cremige Natur 400g","Arla","4016241050236","1.49","400g (1 kg = 3,73 €)","Käse, Eier & Molkerei","True","https://img.rewe-static.de/8485705/32369185_digital-image.png"
"Milram Butter-Milch-Drink Multifrucht 750g","Milram","4036300114327","1.79","750g (1 kg = 2,39 €)","Käse, Eier & Molkerei","False","https://img.rewe-static.de/0584207/10508480_digital-image.png"
"Ehrmann Almighurt Erdbeer-Limette-Mascarpone 150g","Ehrmann","4002971014105","0.79","150g (1 kg = 5,27 €)","Käse, Eier & Molkerei","False","https://img.rewe-static.de/1955431/21098295_digital-image.png"
"Hamfelder Hof Bio Frischer Haferdrink 1l","Hamfelder Hof","4056479884005","1.99","1l","Käse, Eier & Molkerei","False","https://img.rewe-static.de/8913158/39216347_digital-image.png"
"Kerry Gold extra ungesalzen 125g","Kerrygold","4001954166053","2.29","125g (1 kg = 18,32 €)","Käse, Eier & Molkerei","False","https://img.rewe-static.de/7652025/42253001_digital-image.png"
"REWE Beste Wahl High Protein Pudding Schoko 200g","REWE Beste Wahl","4337256382564","0.99","200g (1 kg = 4,95 €)","Käse, Eier & Molkerei","False","https://img.rewe-static.de/8410940/44466804_digital-image.png"
"REWE Beste Wahl Joghurtalternative Soja Mango 500g","REWE Beste Wahl","4337256602563","0.99","500g (1 kg = 1,98 €)","Käse, Eier & Molkerei","False","https://img.rewe-static.de/8661705/34487696_digital-image.png"
"Alpenhain Camembert Creme 125g","Alpenhain","4003751005757","2.29","125g (1 kg = 18,32 €)","Käse, Eier & Molkerei","False","https://img.rewe-static.de/7091880/27046350_digital-image.png"
"Marca Italia Mozzarella di Bufala 125g","Marca Italia","8031528001110","1.99","125g (1 kg = 15,92 €)","Käse, Eier & Molkerei","False","https://img.rewe-static.de/8255713/28779023_digital-image.png"
"The Vegan Cow Bio Joghurtalternative Hafer Vanille vegan 150g","NA","4260289420432","1.59","150g (1 kg = 10,60 €)","Käse, Eier & Molkerei","False","https://img.rewe-static.de/8400578/30639621_digital-image.png"
"Arla Kaergarden Gesalzen aus Butter & Rapsöl 350g","Arla","4100290069117","4.49","350g (1 kg = 12,83 €)","Käse, Eier & Molkerei","False","https://img.rewe-static.de/2471318/40819371_digital-image.png"
"REWE Beste Wahl Grießpudding pur 150g","REWE Beste Wahl","4337256555982","0.55","150g (1 kg = 3,67 €)","Käse, Eier & Molkerei","False","https://img.rewe-static.de/2109063/22603898_digital-image.png"
"Exquisa Frischkäse Fitline Natur 200g","Exquisa","4019300005208","1.99","200g (1 kg = 9,95 €)","Käse, Eier & Molkerei","False","https://img.rewe-static.de/2384477/9981810_digital-image.png"
"Mini Babybel Original Käse-Snack 5 Stück 100g","Babybel","3073781106336","2.49","100g (1 kg = 24,90 €)","Käse, Eier & Molkerei","False","https://img.rewe-static.de/8184636/28187809_digital-image.png"
"Cheestrings Original Käsestangen 4x20g","Cheestrings","5011069173081","2.19","4x20g (1 kg = 27,38 €)","Käse, Eier & Molkerei","False","https://img.rewe-static.de/7033238/26586529_digital-image.png"
"Müller Müllermilch Banane 400ml","Müller","42448860","0.79","400ml (1 l = 1,98 €)","Käse, Eier & Molkerei","True","https://img.rewe-static.de/9026178/42210617_digital-image.png"
"REWE Bio Mozzarella light 125g","REWE Bio","4337256549974","1.29","125g (1 kg = 10,32 €)","Käse, Eier & Molkerei","False","https://img.rewe-static.de/8867073/38037167_digital-image.png"
"REWE Bio Joghurt Mild 1,8% 500g","REWE Bio","4337256881333","1.35","500g (1 kg = 2,70 €)","Käse, Eier & Molkerei","False","https://img.rewe-static.de/8078338/29782026_digital-image.png"
"Nestle Gold Knackige Mousse Vanille 4x57g Becher","Nestlé","3023290202128","2.59","4x57g (1 kg = 11,36 €)","Käse, Eier & Molkerei","False","https://img.rewe-static.de/7134390/27103811_digital-image.png"
"Müller Joghurt mit der Ecke Schokoflakes 150g","Müller","40255774","0.89","150g (1 kg = 5,93 €)","Käse, Eier & Molkerei","False","https://img.rewe-static.de/5867932/35677607_digital-image.png"
"Miree Frischkäse Knoblauch 150g","Miree","40193069","1.99","150g (1 kg = 13,27 €)","Käse, Eier & Molkerei","False","https://img.rewe-static.de/4571908/31072972_digital-image.png"
"Müller Grießpudding mit Kirschsoße 450g","Müller","4025500143350","1.59","450g (1 kg = 3,53 €)","Käse, Eier & Molkerei","False","https://img.rewe-static.de/5042933/38937884_digital-image.png"
"Marka Hellas Halloumi 225g","Marka Hellas","8052879380754","2.99","225g (1 kg = 13,29 €)","Käse, Eier & Molkerei","False","https://img.rewe-static.de/8967097/42616371_digital-image.png"
"Ehrmann High Protein Joghurt Stracciatella 200g","Ehrmann","4002971454703","1.49","200g (1 kg = 7,45 €)","Käse, Eier & Molkerei","False","https://img.rewe-static.de/8720882/35556943_digital-image.png"
"Müller Fruchtbuttermilch Multivitamin 500g","Müller","4025500288150","1.29","500g (1 kg = 2,58 €)","Käse, Eier & Molkerei","False","https://img.rewe-static.de/9029395/42310360_digital-image.png"
"yfood Trinkmahlzeit Happy Banana 500ml","yfood","4260556635583","2.99","500ml (1 l = 5,98 €)","Käse, Eier & Molkerei","True","https://img.rewe-static.de/7629083/42207099_digital-image.png"
"Alpro Skyr-Alternative Ohne Zucker vegan 400g","Alpro","5411188128588","1.99","400g (1 kg = 4,98 €)","Käse, Eier & Molkerei","False","https://img.rewe-static.de/8287926/42670720_digital-image.png"
"Exquisa Cheesecake Lemon 70g","Exquisa","4019300169139","1.39","70g (1 kg = 19,86 €)","Käse, Eier & Molkerei","False","https://img.rewe-static.de/8437056/31153582_digital-image.png"
"Miree Frischkäse Französische Kräuter 150g","Miree","40193083","1.99","150g (1 kg = 13,27 €)","Käse, Eier & Molkerei","False","https://img.rewe-static.de/4749863/30970416_digital-image.png"
"Arla LactoFree Laktosefreie Milch 1,5% 1l","Arla","5711953031861","1.29","1l","Käse, Eier & Molkerei","True","https://img.rewe-static.de/8023985/40601699_digital-image.png"
"Müller Fruchtbuttermilch Maracuja 500g","Müller","4025500288686","1.29","500g (1 kg = 2,58 €)","Käse, Eier & Molkerei","False","https://img.rewe-static.de/9029495/42310388_digital-image.png"
"Ehrmann Almighurt Kokosnuss 150g","Ehrmann","4002971011104","0.79","150g (1 kg = 5,27 €)","Käse, Eier & Molkerei","False","https://img.rewe-static.de/3714209/1491300_digital-image.png"
"Söbbeke Bio Wilder Bernd 150g","Söbbeke Pauls Biomolkerei","4008471512639","4.49","150g (1 kg = 29,93 €)","Käse, Eier & Molkerei","False","https://img.rewe-static.de/8269055/30323358_digital-image.png"
"REWE Frei von Mozzarella laktosefrei 125g","REWE frei von","4337256175869","1.29","125g (1 kg = 10,32 €)","Käse, Eier & Molkerei","False","https://img.rewe-static.de/1299104/17130060_digital-image.png"
"REWE Bio Frische Buttermilch 500g","REWE Bio","4337256268783","0.89","500g (1 kg = 1,78 €)","Käse, Eier & Molkerei","False","https://img.rewe-static.de/1912315/21292303_digital-image.png"
"Danone Fruchtzwerge Erdbeere, Banane, Pfirsich-Birne 8x50g","Fruchtzwerge","4009700035745","2.89","8x50g (1 kg = 7,23 €)","Käse, Eier & Molkerei","False","https://img.rewe-static.de/5349613/35348106_digital-image.png"
"Ehrmann Almighurt Erdbeere 150g","Ehrmann","4002971010107","0.79","150g (1 kg = 5,27 €)","Käse, Eier & Molkerei","False","https://img.rewe-static.de/6871550/9128910_digital-image.png"
"Müller Fruchtbuttermilch Kirsche 500g","Müller","4025500288037","1.29","500g (1 kg = 2,58 €)","Käse, Eier & Molkerei","False","https://img.rewe-static.de/7621392/42389299_digital-image.png"
"REWE Bio Butterkäse 150g","REWE Bio","4337256580588","1.99","150g (1 kg = 13,27 €)","Käse, Eier & Molkerei","False","https://img.rewe-static.de/7705122/39154111_digital-image.png"
"REWE Feine Welt Schnittkäse Trüffeltraum 150g","REWE Feine Welt","4337256821292","3.99","150g (1 kg = 26,60 €)","Käse, Eier & Molkerei","False","https://img.rewe-static.de/9077783/43611766_digital-image.png"
"REWE Bio Kefir Natur 500g","REWE Bio","4337256655002","1.19","500g (1 kg = 2,38 €)","Käse, Eier & Molkerei","False","https://img.rewe-static.de/8948382/42310324_digital-image.png"
"Müller Reine Butter Milch 500g","Müller","4025500287979","0.99","500g (1 kg = 1,98 €)","Käse, Eier & Molkerei","False","https://img.rewe-static.de/7623265/41982763_digital-image.png"
"Exquisa Frischkäse Joghurt Natur 200g","Exquisa","4019300005154","1.99","200g (1 kg = 9,95 €)","Käse, Eier & Molkerei","False","https://img.rewe-static.de/4779797/6620460_digital-image.png"
"Comté Französischer Hartkäse in Scheiben","NA","2721440000006","3.49","1 Stück ca. 100 g (1 kg = 34,90 €)","Käse, Eier & Molkerei","False","https://img.rewe-static.de/2508067/32047642_digital-image.png"
"Landliebe Joghurt mit Aprikosen 500g","Landliebe","4067517001643","2.19","500g (1 kg = 4,38 €)","Käse, Eier & Molkerei","False","https://img.rewe-static.de/6769802/7396870_digital-image.png"
"Dr. Oetker Götterspeise Waldmeister mit Bourbon-Vanille-Soße 160g","Dr. Oetker","4000521561208","0.79","160g (1 kg = 4,94 €)","Käse, Eier & Molkerei","False","https://img.rewe-static.de/0618950/2354810_digital-image.png"
"Rücker Alt-Mecklenburger 250g","Rücker","4013557042610","4.29","250g (1 kg = 17,16 €)","Käse, Eier & Molkerei","False","https://img.rewe-static.de/1246732/24167236_digital-image.png"
"Rücker Alter Schwede pikant 250g","Rücker","4008960205813","5.69","250g (1 kg = 22,76 €)","Käse, Eier & Molkerei","False","https://img.rewe-static.de/2349731/28044058_digital-image.png"
"Ehrmann Almighurt Heidelbeere 150g","Ehrmann","4002971010305","0.79","150g (1 kg = 5,27 €)","Käse, Eier & Molkerei","False","https://img.rewe-static.de/7659300/9176090_digital-image.png"
"REWE Bio Joghurt Mango Vanille 500g","REWE Bio","4337256882637","1.79","500g (1 kg = 3,58 €)","Käse, Eier & Molkerei","False","https://img.rewe-static.de/8563309/34183197_digital-image.png"
"Exquisa Der Sahnige Frischkäse Natur 200g","Exquisa","40193151","1.99","200g (1 kg = 9,95 €)","Käse, Eier & Molkerei","False","https://img.rewe-static.de/4528638/27387169_digital-image.png"
"Alpro Soja-Drink Ohne Zucker vegan 1l","Alpro","5411188115496","2.49","1l","Käse, Eier & Molkerei","False","https://img.rewe-static.de/2317807/39453334_digital-image.png"
"Castello Esrom 160g","Arla","4388844116931","2.99","160g (1 kg = 18,69 €)","Käse, Eier & Molkerei","False","https://img.rewe-static.de/1910587/20957936_digital-image.png"
"Ehrmann Almighurt Obstsalat 150g","Ehrmann","4002971045000","0.79","150g (1 kg = 5,27 €)","Käse, Eier & Molkerei","False","https://img.rewe-static.de/1955428/21098228_digital-image.png"
"Rougette Ofenkäse Fein-würzig 320g","Rougette","4000504176528","5.99","320g (1 kg = 18,72 €)","Käse, Eier & Molkerei","False","https://img.rewe-static.de/1131842/7359760_digital-image.png"
"Lätta Joghurt 450g","Lätta","8719200282520","2.19","450g (1 kg = 4,87 €)","Käse, Eier & Molkerei","False","https://img.rewe-static.de/8833839/38979927_digital-image.png"
"Alpro Hafer-Drink Barista vegan 1l","Alpro","5411188127697","2.49","1l","Käse, Eier & Molkerei","False","https://img.rewe-static.de/8358463/32623823_digital-image.png"
"Weihenstephan Haltbarer Kakao 1l","Weihenstephan","4008452036710","1.99","1l","Käse, Eier & Molkerei","False","https://img.rewe-static.de/7097537/26933898_digital-image.png"
"Arla Buko Frischkäse Tomate Hartkäse 200g","Arla","5711953099465","0.99","200g (1 kg = 4,95 €)","Käse, Eier & Molkerei","True","https://img.rewe-static.de/8277236/40601543_digital-image.png"
"REWE Bio Joghurt mild Stracciatella 150g","REWE Bio","4337256387163","0.49","150g (1 kg = 3,27 €)","Käse, Eier & Molkerei","True","https://img.rewe-static.de/0784792/5300550_digital-image.png"
"Milram frischer Zaziki 185g","Milram","40466309","1.49","185g (1 kg = 8,05 €)","Käse, Eier & Molkerei","False","https://img.rewe-static.de/8479088/31812040_digital-image.png"
"Grünländer Mild & Nussig Scheiben 140g","Grünländer","4002468210454","1.59","140g (1 kg = 11,36 €)","Käse, Eier & Molkerei","True","https://img.rewe-static.de/7835341/35037761_digital-image.png"
"Müller Müllermilch Shake Banana Twist 400ml","Müller","42454199","0.79","400ml (1 l = 1,98 €)","Käse, Eier & Molkerei","True","https://img.rewe-static.de/9028901/42310106_digital-image.png"
"REWE Beste Wahl Eier Bodenhaltung 6 Stück","REWE Beste Wahl","4337256773836","1.59","6 Stück","Käse, Eier & Molkerei","False","https://img.rewe-static.de/9142970/45170425_digital-image.png"
"Danone Actimel Granatapfel 8x100g","Actimel","4009700075055","3.99","8x100g (1 kg = 4,99 €)","Käse, Eier & Molkerei","False","https://img.rewe-static.de/2728544/25255780_digital-image.png"
"Danone Activia Natur 4x115g","Activia","4009700069016","2.69","4x115g (1 kg = 5,85 €)","Käse, Eier & Molkerei","False","https://img.rewe-static.de/7243690/27594162_digital-image.png"
"Zott Sahnejoghurt Amarena-Kirsch 150g","Zott","4014500059570","0.89","150g (1 kg = 5,93 €)","Käse, Eier & Molkerei","False","https://img.rewe-static.de/9891129/44617923_digital-image.png"
"Castello Esrom 150g","Castello","5711953073199","2.49","150g (1 kg = 16,60 €)","Käse, Eier & Molkerei","False","https://img.rewe-static.de/7217693/27484171_digital-image.png"
"Hochland Sandwich Scheiben Bauernhof 150g","Hochland","4002468193283","2.69","150g (1 kg = 17,93 €)","Käse, Eier & Molkerei","False","https://img.rewe-static.de/7179238/27344830_digital-image.png"
"Müller Müllermilch Haselnuss 400ml","Müller","42448822","0.79","400ml (1 l = 1,98 €)","Käse, Eier & Molkerei","True","https://img.rewe-static.de/9028993/42389281_digital-image.png"
"REWE Bio Hirtenkäse 45% 200g","REWE Bio","4337256328036","1.99","200g (1 kg = 9,95 €)","Käse, Eier & Molkerei","False","https://img.rewe-static.de/7827840/34863522_digital-image.png"
"Danone Activia Cerealien 4x115g","Activia","4009700068934","2.69","4x115g (1 kg = 5,85 €)","Käse, Eier & Molkerei","False","https://img.rewe-static.de/7221494/27594196_digital-image.png"
"REWE to go Frühstücksmüsli Heidelbeere Holunder 285g","REWE to go","42258803","2.19","285g (1 kg = 7,68 €)","Käse, Eier & Molkerei","False","https://img.rewe-static.de/8153913/28208376_digital-image.png"
"REWE Beste Wahl Brie d'amour 180g","REWE Beste Wahl","4337256674416","2.59","180g (1 kg = 14,39 €)","Käse, Eier & Molkerei","False","https://img.rewe-static.de/7656058/41275660_digital-image.png"
"Müller Müllermilch Pistazien-Kokos 400ml","Müller","42448839","0.79","400ml (1 l = 1,98 €)","Käse, Eier & Molkerei","True","https://img.rewe-static.de/7623691/42389302_digital-image.png"
"Danone Activia Kirsche 4x115g","Activia","4009700036995","2.69","4x115g (1 kg = 5,85 €)","Käse, Eier & Molkerei","False","https://img.rewe-static.de/7218545/27594156_digital-image.png"
"Ehrmann Almighurt praktisch & lecker Erdbeer 100g","Ehrmann","4002971022100","0.79","100g (1 kg = 7,90 €)","Käse, Eier & Molkerei","False","https://img.rewe-static.de/2343415/23972697_digital-image.png"
"REWE Bio Naturland Maasdamer 150g","REWE Bio","4337256588287","1.99","150g (1 kg = 13,27 €)","Käse, Eier & Molkerei","False","https://img.rewe-static.de/8897005/38775689_digital-image.png"
"Lünebest Vanille-Joghurt auf Frucht Pfirsich-Maracuja 150g","Lünebest","4003490055662","0.65","150g (1 kg = 4,33 €)","Käse, Eier & Molkerei","False","https://img.rewe-static.de/4995678/5627900_digital-image.png"
"REWE Bio Körniger Frischkäse 200g","REWE Bio","4337256112925","1.19","200g (1 kg = 5,95 €)","Käse, Eier & Molkerei","False","https://img.rewe-static.de/1906432/21232282_digital-image.png"
"Alpro Hafer-Mandel-Drink vegan 1l","Alpro","5411188124726","2.49","1l","Käse, Eier & Molkerei","False","https://img.rewe-static.de/7079364/27015719_digital-image.png"
"Beemster Royaal Scheiben 165g","Beemster","8712243085080","3.39","165g (1 kg = 20,55 €)","Käse, Eier & Molkerei","False","https://img.rewe-static.de/2817849/25525113_digital-image.png"
"Coburger Butterkäserolle 220g","Coburger","4388844032354","2.99","220g (1 kg = 13,59 €)","Käse, Eier & Molkerei","False","https://img.rewe-static.de/1073519/10599070_digital-image.png"
"Ammerländer Weidekäse Filet- Gouda 150g","Ammerländer","4000436503669","1.79","150g (1 kg = 11,93 €)","Käse, Eier & Molkerei","False","https://img.rewe-static.de/7179402/28696870_digital-image.png"
"Alpro Joghurtalternative Soja Mango Ohne Zuckerzusatz vegan 400g","Alpro","5411188125808","1.99","400g (1 kg = 4,98 €)","Käse, Eier & Molkerei","False","https://img.rewe-static.de/7211978/42671460_digital-image.png"
"Milram H-Milch 3,5% 500ml","Milram","40363455","0.89","500ml (1 l = 1,78 €)","Käse, Eier & Molkerei","False","https://img.rewe-static.de/0028814/25171520_digital-image.png"
"Zott Sahne Joghurt Pfirsich Panna Cotta 140g","Zott","4014500518695","0.89","140g (1 kg = 6,36 €)","Käse, Eier & Molkerei","False","https://img.rewe-static.de/8620690/33125829_digital-image.png"
"Le Rustique Camembert 250g","Le Rustique","3153126826003","3.99","250g (1 kg = 15,96 €)","Käse, Eier & Molkerei","False","https://img.rewe-static.de/7671989/2827980_digital-image.png"
"Dr. Oetker Rotwein-Mousse 100g","Dr. Oetker","4000521597009","0.89","100g (1 kg = 8,90 €)","Käse, Eier & Molkerei","False","https://img.rewe-static.de/4629710/3090060_digital-image.png"
"Landliebe Joghurt feine Schokostückchen 500g","Landliebe","4067517001728","2.19","500g (1 kg = 4,38 €)","Käse, Eier & Molkerei","False","https://img.rewe-static.de/0474257/23364543_digital-image.png"
"Elinas Leichter Joghurt Griechischer Art Heidelbeere 4x150g","Elinas","4003490332800","1.99","4x150g (1 kg = 3,32 €)","Käse, Eier & Molkerei","False","https://img.rewe-static.de/7882230/33508819_digital-image.png"
"Zott Sahne Joghurt mild Zabaione-Mandel 150g","Zott","4014500059419","0.89","150g (1 kg = 5,93 €)","Käse, Eier & Molkerei","False","https://img.rewe-static.de/7065027/20443815_digital-image.png"
"Milram Frühlingsquark 379g","Milram","40466033","2.79","379g (1 kg = 7,36 €)","Käse, Eier & Molkerei","False","https://img.rewe-static.de/8012751/31001133_digital-image.png"
"Hansano Frische Konditor Sahne 35% 330g","Hansano","4016241020123","2.09","330g (1 kg = 6,33 €)","Käse, Eier & Molkerei","False","https://img.rewe-static.de/0295504/2965090_digital-image.png"
"Kinder Pingui Mandarine 4x30g","Kinder","8000500436288","1.11","4x30g (1 kg = 9,25 €)","Käse, Eier & Molkerei","True","https://img.rewe-static.de/9991771/44280498_digital-image.png"
"Zott Sahnejoghurt Stracciatella 150g","Zott","4014500001487","0.89","150g (1 kg = 5,93 €)","Käse, Eier & Molkerei","False","https://img.rewe-static.de/9235000/10202900_digital-image.png"
"Zott Sahne Joghurt Waldfrucht 150g","Zott","4014500510170","0.89","150g (1 kg = 5,93 €)","Käse, Eier & Molkerei","False","https://img.rewe-static.de/2507758/31132054_digital-image.png"
"Actimel Kurkuma Zimt & Ingwer 8x100g","Actimel","4009700046215","3.99","8x100g (1 kg = 4,99 €)","Käse, Eier & Molkerei","False","https://img.rewe-static.de/8854338/37357033_digital-image.png"
"Rücker Alter Schwede Nordisch-Pikant 100g","Rücker","4013557082470","2.19","100g (1 kg = 21,90 €)","Käse, Eier & Molkerei","False","https://img.rewe-static.de/5033799/1507360_digital-image.png"
"Bauer Fruchtjoghurt Schokosplits Erdbeere 225g","Bauer","4002334116002","0.99","225g (1 kg = 4,40 €)","Käse, Eier & Molkerei","False","https://img.rewe-static.de/7596551/43088845_digital-image.png"
"Arla Esrom Dänischer Schnittkäse","Arla","2109210000003","1.89","1 Stück ca. 100 g (1 kg = 18,90 €)","Käse, Eier & Molkerei","False","https://img.rewe-static.de/6636802/35714005_digital-image.png"
"Stilfser Schnittkäse in Scheiben","Stilfser","2146370000009","2.69","1 Stück ca. 100 g (1 kg = 26,90 €)","Käse, Eier & Molkerei","False","https://img.rewe-static.de/5743206/23701169_digital-image.png"
"Bauer Fruchtjoghurt Schokobälle Vanille 225g","Bauer","4002334116057","0.99","225g (1 kg = 4,40 €)","Käse, Eier & Molkerei","False","https://img.rewe-static.de/9072247/43088811_digital-image.png"
"Oatly Aufstrich Tomate & Basilikum vegan 150g","Oatly","7394376617140","1.99","150g (1 kg = 13,27 €)","Käse, Eier & Molkerei","False","https://img.rewe-static.de/8400094/30646085_digital-image.png"
"More Chunky Flavour Stracciatella 90g","NA","4260644048097","9.99","90g (1 kg = 111 €)","Käse, Eier & Molkerei","False","https://img.rewe-static.de/9084598/44230885_digital-image.png"
"Elinas Joghurt Griechischer Art Blutorange 4x150g","Elinas","4003490323693","1.99","4x150g (1 kg = 3,32 €)","Käse, Eier & Molkerei","False","https://img.rewe-static.de/1492228/21332261_digital-image.png"
"Dr. Oetker High Protein-Mahlzeit Milchreis Zimt 400g","Dr. Oetker","4023600017236","2.59","400g (1 kg = 6,48 €)","Käse, Eier & Molkerei","False","https://img.rewe-static.de/7594997/43331234_digital-image.png"
"Alpro Skyr-Alternative Mango vegan 400 g","Alpro","5411188128625","1.99","400g (1 kg = 4,98 €)","Käse, Eier & Molkerei","False","https://img.rewe-static.de/8289224/42670708_digital-image.png"
"Bergader Bergbauern Käse würzig","Bergader Bergbauern","2743940000003","1.59","1 Stück ca. 100 g (1 kg = 15,90 €)","Käse, Eier & Molkerei","False","https://img.rewe-static.de/9922455/47065757_digital-image.png"
"Zott Monte Crunchy 125g","Zott","4014500510484","1.09","125g (1 kg = 8,72 €)","Käse, Eier & Molkerei","False","https://img.rewe-static.de/2428151/23736707_digital-image.png"
"YoPRO High Protein Drink Stracciatella 270g","YoPRO","4009700050533","1.69","270g (1 kg = 6,26 €)","Käse, Eier & Molkerei","False","https://img.rewe-static.de/7564609/44175414_digital-image.png"
"Rocka Nutrition Smack Tastic Geschmackspulver Spaghetti Eis 90g","Rocka Nutrition","4251105518617","7.99","90g (1 kg = 88,78 €)","Käse, Eier & Molkerei","False","https://img.rewe-static.de/8730251/36482966_digital-image.png"
"Géramont Natur 200g","Géramont","3161710000678","3.49","200g (1 kg = 17,45 €)","Käse, Eier & Molkerei","False","https://img.rewe-static.de/4529243/2435840_digital-image.png"
"Dr. Oetker Crème Fraîche Classic 30% Fett 150g","Dr. Oetker","4000521579005","1.39","150g (1 kg = 9,27 €)","Käse, Eier & Molkerei","False","https://img.rewe-static.de/4531914/22769984_digital-image.png"
"Müller Müllermilch Erdbeere 500ml","Müller","40255927","0.79","500ml (1 l = 1,58 €)","Käse, Eier & Molkerei","True","https://img.rewe-static.de/4531604/2118540_digital-image.png"
"Müller Müllermilch Banane 500ml","Müller","40255910","0.79","500ml (1 l = 1,58 €)","Käse, Eier & Molkerei","True","https://img.rewe-static.de/4531566/2634670_digital-image.png"
"Hansano Magerquark 0,3% 250g","Hansano","4016241040015","1.09","250g (1 kg = 4,36 €)","Käse, Eier & Molkerei","False","https://img.rewe-static.de/0059404/22807604_digital-image.png"
"Milram Frühlingsquark 7-Kräuter 185g","Milram","40466071","1.49","185g (1 kg = 8,05 €)","Käse, Eier & Molkerei","False","https://img.rewe-static.de/8419822/37567083_digital-image.png"
"Weihenstephan Frischer fettarmer Joghurt mild 500g","Weihenstephan","4008452031067","1.39","500g (1 kg = 2,78 €)","Käse, Eier & Molkerei","False","https://img.rewe-static.de/1361920/35879717_digital-image.png"
"Ehrmann Früchte Traum Erdbeere 115g","Ehrmann","4002971396102","0.59","115g (1 kg = 5,13 €)","Käse, Eier & Molkerei","False","https://img.rewe-static.de/3203464/31100546_digital-image.png"
"Président Tortenbrie am Stück","Président","3228020482263","2.38","1 Stück ca. 200 g (1 kg = 11,90 €)","Käse, Eier & Molkerei","False","https://img.rewe-static.de/9223118/23619535_digital-image.png"
"REWE Feine Welt Würzige Ziege 150g, 6 Stück","REWE Feine Welt","4388844132900","3.99","150g (1 kg = 26,60 €)","Käse, Eier & Molkerei","False","https://img.rewe-static.de/1019065/8113180_digital-image.png"
"Beemster Pikant 1/2","Beemster","2758250000001","1.89","1 Stück ca. 100 g (1 kg = 18,90 €)","Käse, Eier & Molkerei","False","https://img.rewe-static.de/8397246/31180039_digital-image.png"
"Alter Schwede Nordisch-Pikant, 50 % Fett i. Tr.","Alter Schwede","4013557082555","2.29","1 Stück ca. 100 g (1 kg = 22,90 €)","Käse, Eier & Molkerei","False","https://img.rewe-static.de/1917820/24934843_digital-image.png"
"REWE Bio Mango Lassi 250g","REWE Bio","4337256265119","0.89","250g (1 kg = 3,56 €)","Käse, Eier & Molkerei","False","https://img.rewe-static.de/7244322/28721279_digital-image.png"
"Müller Vegan Mix Banane mit Schoko Flakes 150g","Müller","4025500288556","1.39","125g (1 kg = 11,12 €)","Käse, Eier & Molkerei","False","https://img.rewe-static.de/9967544/45402358_digital-image.png"
"Velfrisk Luxusdanbo Gold","NA","2786330000009","2.09","1 Stück ca. 100 g (1 kg = 20,90 €)","Käse, Eier & Molkerei","False","https://img.rewe-static.de/7181130/27103732_digital-image.png"
"Philadelphia Schnittlauch 175g","Philadelphia","7622300315719","2.19","175g (1 kg = 12,51 €)","Käse, Eier & Molkerei","False","https://img.rewe-static.de/0575102/7372560_digital-image.png"
"REWE Beste Wahl Fruchtjoghurt mild Erdbeere 150g","REWE Beste Wahl","4337256541633","0.35","150g (1 kg = 2,33 €)","Käse, Eier & Molkerei","False","https://img.rewe-static.de/0112431/19144290_digital-image.png"
"Hansano Frische Weidemilch 3,9% 1l","Hansano","4016241015167","1.69","1l","Käse, Eier & Molkerei","False","https://img.rewe-static.de/0965769/19287100_digital-image.png"
"Miree Frischkäse Frühlingskräuter 150g","Miree","4019300165537","1.99","150g (1 kg = 13,27 €)","Käse, Eier & Molkerei","False","https://img.rewe-static.de/8224921/30969401_digital-image.png"
"Laru Zwiebelschmalz 150g","Laru","40309729","1.69","150g (1 kg = 11,27 €)","Käse, Eier & Molkerei","False","https://img.rewe-static.de/2948570/27079410_digital-image.png"
"KoRo Bio Nut Butter Cups Salty Pistachio 3x13g","KoRo","4255582805512","2.29","3x13g (1 kg = 58,72 €)","Käse, Eier & Molkerei","False","https://img.rewe-static.de/7677086/41504558_digital-image.png"
"Andechser Natur Bio-Jogurt mild 500g","Andechser Natur","4104060024757","1.39","500g (1 kg = 2,78 €)","Käse, Eier & Molkerei","False","https://img.rewe-static.de/3495442/5907690_digital-image.png"
"After Eight Mousse 4x57g","After Eight","3023290798096","2.59","4x57g (1 kg = 11,36 €)","Käse, Eier & Molkerei","False","https://img.rewe-static.de/3490776/29963359_digital-image.png"
"More Chunky Flavour Butter Biscuit 90g","NA","4260644048134","9.99","90g (1 kg = 111 €)","Käse, Eier & Molkerei","False","https://img.rewe-static.de/9084593/44489202_digital-image.png"
"Deli Reform Schmalz nach Griebenart mit Kräutern 200g","Deli Reform","40264165","1.99","200g (1 kg = 9,95 €)","Käse, Eier & Molkerei","False","https://img.rewe-static.de/1923412/20900075_digital-image.png"
"Schwartau Schokosauce 125ml","Schwartau","4011800043001","1.99","125ml (1 l = 15,92 €)","Käse, Eier & Molkerei","False","https://img.rewe-static.de/4277775/2011100_digital-image.png"
"bedda Scheiben Schedda vegan 150g","bedda","4056924000554","2.79","150g (1 kg = 18,60 €)","Käse, Eier & Molkerei","False","https://img.rewe-static.de/2467490/24143914_digital-image.png"
"Block House Knoblauch Butter mit Knoblauch-Stücken 150g","Block House","4009286110935","2.99","150g (1 kg = 19,93 €)","Käse, Eier & Molkerei","False","https://img.rewe-static.de/8617770/33616962_digital-image.png"
"Huel Trinkmahlzeit Chocolate 500ml","NA","5060925290776","3.99","500ml (1 l = 7,98 €)","Käse, Eier & Molkerei","False","https://img.rewe-static.de/9110426/43876277_digital-image.png"
"Bärenmarke Kiddis Vanilledrink 3x0,2l","Bärenmarke","4045317354466","1.99","3x0,20l (1 l = 3,32 €)","Käse, Eier & Molkerei","False","https://img.rewe-static.de/7969170/43405641_digital-image.png"
"Elinas Joghurt Griechischer Art Natur 500g","Elinas","4003490032076","1.99","500g (1 kg = 3,98 €)","Käse, Eier & Molkerei","False","https://img.rewe-static.de/2019491/21729610_digital-image.png"
"Hansano Laktosefreie Milch 1,5% 1l","Hansano","4016241221308","1.99","1l","Käse, Eier & Molkerei","False","https://img.rewe-static.de/1261718/14438150_digital-image.png"
"Schwarzwaldmilch Schoki 3,8% 500ml","Schwarzwaldmilch","4046700003459","1.19","0,50l (1 l = 2,38 €)","Käse, Eier & Molkerei","False","https://img.rewe-static.de/3072698/28177714_digital-image.png"
"Dr. Oetker High Protein Pudding Vanille 400g","Dr. Oetker","4023600013498","2.59","400g (1 kg = 6,48 €)","Käse, Eier & Molkerei","False","https://img.rewe-static.de/8014748/31160659_digital-image.png"
"Kinder Pingui 4 Stück","Kinder","4008400290423","1.11","4x30g (1 kg = 9,25 €)","Käse, Eier & Molkerei","True","https://img.rewe-static.de/0822183/27447218_digital-image.png"
"Ehrmann Almighurt Himbeere 150g","Ehrmann","4002971010404","0.79","150g (1 kg = 5,27 €)","Käse, Eier & Molkerei","False","https://img.rewe-static.de/7325428/2184710_digital-image.png"
"Elinas Joghurt Kirsche 9,4% 4x150g","Elinas","4003490323709","1.99","4x150g (1 kg = 3,32 €)","Käse, Eier & Molkerei","False","https://img.rewe-static.de/2847188/25991912_digital-image.png"
"Alta Badia in Scheiben","NA","8001790902576","2.59","1 Stück ca. 100 g (1 kg = 25,90 €)","Käse, Eier & Molkerei","False","https://img.rewe-static.de/0351001/26962937_digital-image.png"
"Veganz Bio Choc Bar Peanut Caramel vegan 50g","Veganz","4251725801885","1.99","50g (1 kg = 39,80 €)","Käse, Eier & Molkerei","False","https://img.rewe-static.de/7783371/40286120_digital-image.png"
"Savencia Etorki","Etorki","3222110000894","1.79","1 Stück ca. 100 g (1 kg = 17,90 €)","Käse, Eier & Molkerei","True","https://img.rewe-static.de/7327242/24091218_digital-image.png"
"Rücker Alt-Mecklenburger Tilsiter","Rücker","4013557046007","2.19","1 Stück ca. 100 g (1 kg = 21,90 €)","Käse, Eier & Molkerei","False","https://img.rewe-static.de/7427069/45521443_digital-image.png"
"Ehrmann Früchte Traum Kirsche 115g","Ehrmann","4002971396201","0.59","115g (1 kg = 5,13 €)","Käse, Eier & Molkerei","False","https://img.rewe-static.de/3203465/26203436_digital-image.png"
"Mövenpick Feinjoghurt Pfirsich-Maracuja 150g","Mövenpick","4002334107642","0.99","150g (1 kg = 6,60 €)","Käse, Eier & Molkerei","False","https://img.rewe-static.de/1431706/3144000_digital-image.png"
"REWE Beste Wahl Eier Freilandhaltung 6 Stück","REWE Beste Wahl","4388860559743","1.99","6 Stück","Käse, Eier & Molkerei","False","https://img.rewe-static.de/8209143/28333268_digital-image.png"
"Milram Grieß-Pudding 1kg","Milram","4036300117830","2.49","1g","Käse, Eier & Molkerei","False","https://img.rewe-static.de/5096430/2506330_digital-image.png"
"Lünebest Joghurt auf Frucht Pfirsich-Maracuja 150g","Lünebest","4003490055525","0.65","150g (1 kg = 4,33 €)","Käse, Eier & Molkerei","False","https://img.rewe-static.de/6692877/7396180_digital-image.png"
"Grünländer mild & nussig 140g","Grünländer","4388860275728","2.79","140g (1 kg = 19,93 €)","Käse, Eier & Molkerei","False","https://img.rewe-static.de/8252999/29153410_digital-image.png"
"Schlagfix universelle Schlagcreme vegan 200ml","Schlagfix","4260024180089","1.09","200ml (1 l = 5,45 €)","Käse, Eier & Molkerei","False","https://img.rewe-static.de/2156195/27809566_digital-image.png"
"Cheestrings Gouda 40 % 4x20g","Cheestrings","5011069173913","2.19","80g (1 kg = 27,38 €)","Käse, Eier & Molkerei","False","https://img.rewe-static.de/7150637/27395568_digital-image.png"
"Bergader Bonifaz grüner Pfeffer","Bonifaz","4006402035011","3.74","1 Stück ca. 150 g (1 kg = 24,90 €)","Käse, Eier & Molkerei","False","https://img.rewe-static.de/4533119/23378749_digital-image.png"
"Elinas Joghurt Griechischer Art Natur 4x150g","Elinas","4003490323600","1.99","4x150g (1 kg = 3,32 €)","Käse, Eier & Molkerei","False","https://img.rewe-static.de/0478026/7155870_digital-image.png"
"Marca Italia Grana Padano Gerieben 150g","Marca Italia","8002226007322","2.89","150g (1 kg = 19,27 €)","Käse, Eier & Molkerei","False","https://img.rewe-static.de/8716397/36335711_digital-image.png"
"ESN Thomas Müller RDY Protein Meal Vanilla 500ml","ESN","4250519665801","3.99","500ml (1 l = 7,98 €)","Käse, Eier & Molkerei","False","https://img.rewe-static.de/9078047/42865789_digital-image.png"
"ESN Thomas Müller RDY Protein Meal Banana 500ml","ESN","4250519669175","3.99","500ml (1 l = 7,98 €)","Käse, Eier & Molkerei","False","https://img.rewe-static.de/9075766/42865770_digital-image.png"
"Mövenpick Feinjoghurt Kirsche 150g","Mövenpick","4002334107635","0.99","150g (1 kg = 6,60 €)","Käse, Eier & Molkerei","False","https://img.rewe-static.de/1431722/1810480_digital-image.png"
"Oatly Hafer Cuisine zum Kochen 250ml","Oatly","7394376616952","1.29","250ml (1 l = 5,16 €)","Käse, Eier & Molkerei","False","https://img.rewe-static.de/8405244/31160674_digital-image.png"
"Bonbel Natur","Bonbel","3073780820325","1.39","1 Stück ca. 100 g (1 kg = 13,90 €)","Käse, Eier & Molkerei","True","https://img.rewe-static.de/7526555/31059556_digital-image.png"
"Alpro Joghurtalternative Soja Vanille vegan 400g","Alpro","5411188137955","1.99","400g (1 kg = 4,98 €)","Käse, Eier & Molkerei","False","https://img.rewe-static.de/8934545/39182740_digital-image.png"
"Butterkäse 80g","NA","4388844202252","1.29","80g (1 kg = 16,13 €)","Käse, Eier & Molkerei","False","https://img.rewe-static.de/2621957/25976706_digital-image.png"
"Castello Höhlenkäse Classic in Scheiben","Castello","5760466925907","1.99","1 Stück ca. 100 g (1 kg = 19,90 €)","Käse, Eier & Molkerei","False","https://img.rewe-static.de/4537890/34973805_digital-image.png"
"REWE Bio Streichgut ungesalzen 200g","REWE Bio","4337256569088","2.29","200g (1 kg = 11,45 €)","Käse, Eier & Molkerei","False","https://img.rewe-static.de/7714736/39472078_digital-image.png"
"Weideglück Butterkäse 175g","Weideglück","4388844155107","1.79","175g (1 kg = 10,23 €)","Käse, Eier & Molkerei","False","https://img.rewe-static.de/2249309/41638446_digital-image.png"
"Hamfelder Hof Bio Vollmilch länger haltbar 3,8% 0,5l","Hamfelder Hof","4056479184044","1.19","0,50l (1 l = 2,38 €)","Käse, Eier & Molkerei","False","https://img.rewe-static.de/0066278/26187021_digital-image.png"
"REWE Bio Schlagsahne 200g","REWE Bio","4337256867139","1.29","200g (1 kg = 6,45 €)","Käse, Eier & Molkerei","False","https://img.rewe-static.de/0194185/2865980_digital-image.png"
"REWE Feine Welt New York Cheesecake 80g","REWE Feine Welt","4337256256568","1.89","80g (1 kg = 23,63 €)","Käse, Eier & Molkerei","False","https://img.rewe-static.de/7036888/26700488_digital-image.png"
"Arla Skyr Natur 250g","Arla","4016241050496","1.09","250g (1 kg = 4,36 €)","Käse, Eier & Molkerei","False","https://img.rewe-static.de/7784435/35930692_digital-image.png"
"Alpro Soja-Dessert Dunkle Schokolade Feinherb vegan 4x125g","Alpro","5411188091622","2.09","4x125g (1 kg = 4,18 €)","Käse, Eier & Molkerei","False","https://img.rewe-static.de/1099680/22401405_digital-image.png"
"Violife Greek White Block vegan 150g","Violife","5202390029301","2.99","150g (1 kg = 19,93 €)","Käse, Eier & Molkerei","False","https://img.rewe-static.de/8858962/37292484_digital-image.png"
"Schwartau Karamelsauce 125ml","Schwartau","4011800049010","1.99","125ml (1 l = 15,92 €)","Käse, Eier & Molkerei","False","https://img.rewe-static.de/0744999/22453062_digital-image.png"
"YoPRO High Protein Skyr Stracciatella 160g","YoPRO","4009700050359","1.19","160g (1 kg = 7,44 €)","Käse, Eier & Molkerei","False","https://img.rewe-static.de/9097685/44147517_digital-image.png"
"Dr. Oetker Götterspeise Waldmeister 150g","Dr. Oetker","4023600014235","0.59","150g (1 kg = 3,93 €)","Käse, Eier & Molkerei","False","https://img.rewe-static.de/8528358/32344611_digital-image.png"
"Hochland Grünländer Gartenkräuter 140g","Hochland","4388860276312","2.79","140g (1 kg = 19,93 €)","Käse, Eier & Molkerei","False","https://img.rewe-static.de/8253631/29335233_digital-image.png"
"Dr. Oetker Götterspeise Himbeer 150g","Dr. Oetker","4023600014211","0.59","150g (1 kg = 3,93 €)","Käse, Eier & Molkerei","False","https://img.rewe-static.de/8527807/32344608_digital-image.png"
"Hochland Grünländer Chili & Paprika 140g","Hochland","4388860277593","2.79","140g (1 kg = 19,93 €)","Käse, Eier & Molkerei","False","https://img.rewe-static.de/8252933/29146059_digital-image.png"
"Elinas Joghurt nach griechischer Art Heidelbeere 4x150g","Elinas","4003490323747","1.99","4x150g (1 kg = 3,32 €)","Käse, Eier & Molkerei","False","https://img.rewe-static.de/8071025/29603169_digital-image.png"
"REWE Bio Brat- und Grilltaler Natur 240g","REWE Bio","4337256575423","2.99","240g (1 kg = 12,46 €)","Käse, Eier & Molkerei","False","https://img.rewe-static.de/8885824/39251987_digital-image.png"
"Milram Burlander in Scheiben","Milram","4036300055897","1.89","1 Stück ca. 100 g (1 kg = 18,90 €)","Käse, Eier & Molkerei","False","https://img.rewe-static.de/7898150/33329723_digital-image.png"
"Schwartau Himbeersauce 125ml","Schwartau","4011800045005","1.99","125ml (1 l = 15,92 €)","Käse, Eier & Molkerei","False","https://img.rewe-static.de/4246586/2011090_digital-image.png"
"Mövenpick Feinjoghurt Zwetschge-Zimt 150g","Mövenpick","4002334112165","0.99","150g (1 kg = 6,60 €)","Käse, Eier & Molkerei","False","https://img.rewe-static.de/7151313/27040464_digital-image.png"
"Hansano Haltbare Weidemilch 1,5% 1l","Hansano","4016241070173","1.55","1l","Käse, Eier & Molkerei","False","https://img.rewe-static.de/1138328/10110240_digital-image.png"
"REWE Feine Welt Creme a la Vanille 2x100g","REWE Feine Welt","4337256504430","1.39","2x100g (1 kg = 6,95 €)","Käse, Eier & Molkerei","False","https://img.rewe-static.de/0715169/5268360_digital-image.png"
"Mövenpick Feinjoghurt Orange 150g","Mövenpick","4002334115722","0.99","150g (1 kg = 6,60 €)","Käse, Eier & Molkerei","False","https://img.rewe-static.de/7770432/38413256_digital-image.png"
"Galbani Gorgonzola Intenso am Stück","Galbani","4045431000010","2.99","1 Stück ca. 150 g (1 kg = 19,90 €)","Käse, Eier & Molkerei","False","https://img.rewe-static.de/4530624/34070251_digital-image.png"
"Mövenpick Traube Cassis Joghurt 150g","Mövenpick","4002334115708","0.99","150g (1 kg = 6,60 €)","Käse, Eier & Molkerei","False","https://img.rewe-static.de/8792035/38413270_digital-image.png"
"REWE Beste Wahl High Protein Quarkcreme Erdbeere 200g","REWE Beste Wahl","4337256778657","0.89","200g (1 kg = 4,45 €)","Käse, Eier & Molkerei","False","https://img.rewe-static.de/8671561/44466807_digital-image.png"
"REWE Beste Wahl High Protein Quarkcreme Pfirsich-Maracuja 200g","REWE Beste Wahl","4337256365802","0.89","200g (1 kg = 4,45 €)","Käse, Eier & Molkerei","False","https://img.rewe-static.de/8673679/44466847_digital-image.png"
"Mövenpick Caffè Macchiato 190ml","Mövenpick","4002334110314","1.49","190ml (1 l = 7,84 €)","Käse, Eier & Molkerei","False","https://img.rewe-static.de/2807955/969690_digital-image.png"
"REWE Beste Wahl Fruchtigurt Erdbeere 150g","REWE Beste Wahl","4337256565271","0.29","150g (1 kg = 1,93 €)","Käse, Eier & Molkerei","False","https://img.rewe-static.de/8879393/39081802_digital-image.png"
"Müller Milchreis Kirsche 200g","Müller","40255699","0.99","200g (1 kg = 4,95 €)","Käse, Eier & Molkerei","False","https://img.rewe-static.de/4715705/2387460_digital-image.png"
"Danone Actimel Drink Multifrucht 8x100g","Actimel","4009700074867","3.99","8x100g (1 kg = 4,99 €)","Käse, Eier & Molkerei","False","https://img.rewe-static.de/2514737/10031810_digital-image.png"
"Velfrisk Danbo Kümmel","NA","2787280000002","2.09","1 Stück ca. 100 g (1 kg = 20,90 €)","Käse, Eier & Molkerei","False","https://img.rewe-static.de/7162525/28772222_digital-image.png"
"KoRo Veganer Proteinriegel Schokolade Brownie 55g","KoRo","4260654789119","1.99","55g (1 kg = 36,18 €)","Käse, Eier & Molkerei","False","https://img.rewe-static.de/8631674/34411349_digital-image.png"
"REWE Beste Wahl Fruchtigurt Heidelbeere 150g","REWE Beste Wahl","4337256563956","0.29","150g (1 kg = 1,93 €)","Käse, Eier & Molkerei","False","https://img.rewe-static.de/8877698/39081842_digital-image.png"
"Müller Müllermilch High Protein Cookies & Cream 400ml","Müller","42454090","1.69","400ml (1 l = 4,23 €)","Käse, Eier & Molkerei","False","https://img.rewe-static.de/7622571/42310215_digital-image.png"
"REWE Beste Wahl Fruchtigurt Himbeere 150g","REWE Beste Wahl","4337256563239","0.29","150g (1 kg = 1,93 €)","Käse, Eier & Molkerei","False","https://img.rewe-static.de/7718296/39081871_digital-image.png"
"Milram Benjamin mild 220g","Milram","4388860276855","4.19","220g (1 kg = 19,05 €)","Käse, Eier & Molkerei","False","https://img.rewe-static.de/8111842/28976037_digital-image.png"
"Miree Frischkäse Meerrettich 150g","Miree","40193090","1.99","150g (1 kg = 13,27 €)","Käse, Eier & Molkerei","False","https://img.rewe-static.de/4571894/31072971_digital-image.png"
"Marka Hellas Feta 200g","Marka Hellas","5200112733208","2.19","200g (1 kg = 10,95 €)","Käse, Eier & Molkerei","False","https://img.rewe-static.de/8291190/29411765_digital-image.png"
"REWE Bio + vegan Hafer Drink ohne Zuckerzusatz 1l","REWE Bio","4337256257398","0.9","1l","Käse, Eier & Molkerei","False","https://img.rewe-static.de/2587736/24675765_digital-image.png"
"REWE Beste Wahl Fruchtjoghurt mild Waldfrucht 250g","REWE Beste Wahl","4337256149563","0.65","250g","Käse, Eier & Molkerei","False","https://img.rewe-static.de/0112307/20277271_digital-image.png"
"REWE Beste Wahl Gouda gerieben 150g","REWE Beste Wahl","4337256265645","1.89","150g (1 kg = 12,60 €)","Käse, Eier & Molkerei","False","https://img.rewe-static.de/7280371/28428301_digital-image.png"
"Alpro Soja-Kochcrème Cuisine vegan 250ml","Alpro","5411188120575","1.29","250ml (1 l = 5,16 €)","Käse, Eier & Molkerei","False","https://img.rewe-static.de/3640922/3838740_digital-image.png"
"Alpro Soja-Drink Protein vegan 1l","Alpro","5411188115472","2.49","1l","Käse, Eier & Molkerei","False","https://img.rewe-static.de/2372445/39646370_digital-image.png"
"Weihenstephan H-Milch 3,5% 0,5l","Weihenstephan","4008452033986","1.05","500ml (1 l = 2,10 €)","Käse, Eier & Molkerei","False","https://img.rewe-static.de/2374151/24050524_digital-image.png"
"Zott Monte XXL 400g","Monte","4014500518565","2.69","400g (1 kg = 6,73 €)","Käse, Eier & Molkerei","False","https://img.rewe-static.de/8579220/32354717_digital-image.png"
"Landliebe Butter 250g","Landliebe","4067517000349","3.79","250g (1 kg = 15,16 €)","Käse, Eier & Molkerei","False","https://img.rewe-static.de/8070288/7704790_digital-image.png"
"Alpro Hafer-Drink Ohne Zucker vegan 1l","Alpro","5411188124689","2.49","1l","Käse, Eier & Molkerei","False","https://img.rewe-static.de/8204613/39703180_digital-image.png"
"Danone Activia Mango-Ananas-Pfirsich 4x115g","Activia","4009700037107","2.69","4x115g (1 kg = 5,85 €)","Käse, Eier & Molkerei","False","https://img.rewe-static.de/7218263/27593737_digital-image.png"
"Danone Activia Pfirsich-Himbeere 4x115g","Activia","4009700037091","2.69","4x115g (1 kg = 5,85 €)","Käse, Eier & Molkerei","False","https://img.rewe-static.de/7217265/27594150_digital-image.png"
"Bärenmarke Kiddis Kakao 3x0,2l","Bärenmarke","4045317354473","1.99","3x0,20l (1 l = 3,32 €)","Käse, Eier & Molkerei","False","https://img.rewe-static.de/8456172/31704568_digital-image.png"
"Zott Zottarella Rolle mit Basilikum 250g","Zott","4014500029610","2.99","250g (1 kg = 11,96 €)","Käse, Eier & Molkerei","False","https://img.rewe-static.de/0039839/22442007_digital-image.png"
"Müller Müllermilch Shake Sunny Strawberry 400ml","Müller","42454229","0.79","400ml (1 l = 1,98 €)","Käse, Eier & Molkerei","True","https://img.rewe-static.de/7623491/42310087_digital-image.png"
"Danone Activia Vanille 4x115g","Activia","4009700076236","2.69","4x115g (1 kg = 5,85 €)","Käse, Eier & Molkerei","False","https://img.rewe-static.de/7219489/27594159_digital-image.png"
"Becel Vital Omega 3 vegan 225g","Becel","8719200262140","1.99","225g (1 kg = 8,84 €)","Käse, Eier & Molkerei","False","https://img.rewe-static.de/8835801/36800465_digital-image.png"
"Weideglück Edamer 175g","Weideglück","4388844149106","2.09","175g (1 kg = 11,94 €)","Käse, Eier & Molkerei","False","https://img.rewe-static.de/2249311/25048791_digital-image.png"
"ESN Thomas Müller RDY Protein Meal Cinnamon Cereal 500ml","ESN","4250519665825","3.99","500ml (1 l = 7,98 €)","Käse, Eier & Molkerei","False","https://img.rewe-static.de/9077341/42865778_digital-image.png"
"ESN Thomas Müller RDY Protein Meal Milk Chocolate 500ml","ESN","4250519665788","3.99","500ml (1 l = 7,98 €)","Käse, Eier & Molkerei","False","https://img.rewe-static.de/9173150/42865810_digital-image.png"
"REWE Beste Wahl Fruchtjoghurt mild Pfirsich-Maracuja 150g","REWE Beste Wahl","4337256557160","0.35","150g (1 kg = 2,33 €)","Käse, Eier & Molkerei","False","https://img.rewe-static.de/0112436/19147830_digital-image.png"
"Dr. Oetker Pudding Grieß Natur 500g","Dr. Oetker","4000521593704","2.49","500g (1 kg = 4,98 €)","Käse, Eier & Molkerei","False","https://img.rewe-static.de/9835547/12972610_digital-image.png"
"Milram Leuchtfeuer herzhaft aromatisch 150g","Milram","4036300155702","2.69","150g (1 kg = 17,93 €)","Käse, Eier & Molkerei","False","https://img.rewe-static.de/8955256/39542260_digital-image.png"
"Müller Schokopudding mit Vanillesoße 450g","Müller","4025500143312","1.59","450g (1 kg = 3,53 €)","Käse, Eier & Molkerei","False","https://img.rewe-static.de/5042976/38730537_digital-image.png"
"Emmentaler 80g","NA","4388844202054","1.19","80g (1 kg = 14,88 €)","Käse, Eier & Molkerei","False","https://img.rewe-static.de/2621943/25976962_digital-image.png"
"Emmi Caffe Latte Macchiato 230ml","Emmi","7610900138913","2.19","230ml (1 l = 9,52 €)","Käse, Eier & Molkerei","False","https://img.rewe-static.de/2790025/29215005_digital-image.png"
"Milram Müritzer herzhaft","Milram","2795580000004","1.99","1 Stück ca. 100 g (1 kg = 19,90 €)","Käse, Eier & Molkerei","False","https://img.rewe-static.de/7090632/26966410_digital-image.png"
"Tine Jarlsberg Käse","NA","2109480000000","2.49","1 Stück ca. 100 g (1 kg = 24,90 €)","Käse, Eier & Molkerei","False","https://img.rewe-static.de/8411247/3624120_digital-image.png"
"Schwarzwaldmilch LAC Schmand 24% 200g","Schwarzwaldmilch","4046700014523","1.59","200g (1 kg = 7,95 €)","Käse, Eier & Molkerei","False","https://img.rewe-static.de/1432539/23724795_digital-image.png"
"Oatly Bio Hafer Cuisine 250ml","Oatly","7394376615931","1.29","250ml (1 l = 5,16 €)","Käse, Eier & Molkerei","False","https://img.rewe-static.de/8880867/22499508_digital-image.png"
"Marca Italia Gorgonzola 200g","Marca Italia","8021398400014","2.79","200g (1 kg = 13,95 €)","Käse, Eier & Molkerei","False","https://img.rewe-static.de/8335191/30004005_digital-image.png"
"Ehrmann Almighurt Zitrone 150g","Ehrmann","4002971013801","0.79","150g (1 kg = 5,27 €)","Käse, Eier & Molkerei","False","https://img.rewe-static.de/1916386/3312800_digital-image.png"
"Nestlé Gold Knackige Mousse Schokolade 4x57g","Nestlé","3023290202111","2.59","4x57g (1 kg = 11,36 €)","Käse, Eier & Molkerei","False","https://img.rewe-static.de/7122085/37503223_digital-image.png"
"REWE Bio Joghurt Mango 3,8% 150g","REWE Bio","4337256385534","0.49","150g (1 kg = 3,27 €)","Käse, Eier & Molkerei","True","https://img.rewe-static.de/7173674/28195887_digital-image.png"
"Müller Fruchtbuttermilch Zitrone 500g","Müller","4025500288013","1.29","500g (1 kg = 2,58 €)","Käse, Eier & Molkerei","False","https://img.rewe-static.de/9029293/42310381_digital-image.png"
"Müller Fruchtbuttermilch Himbeere 500g","Müller","4025500287993","1.29","500g (1 kg = 2,58 €)","Käse, Eier & Molkerei","False","https://img.rewe-static.de/9027894/42310376_digital-image.png"
"Deli Reform Die Leichte 500g","Deli Reform","40264776","2.19","500g (1 kg = 4,38 €)","Käse, Eier & Molkerei","False","https://img.rewe-static.de/9772995/3686580_digital-image.png"
"Deli Reform Sommerfrische 500g","Deli Reform","40264813","2.19","500g (1 kg = 4,38 €)","Käse, Eier & Molkerei","False","https://img.rewe-static.de/0204389/26824247_digital-image.png"
"Starbucks Frappuccino Vanilla Eiskaffee 250ml","Starbucks","5711953148538","2.59","250ml (1 l = 10,36 €)","Käse, Eier & Molkerei","False","https://img.rewe-static.de/8773891/40601892_digital-image.png"
"Dr. Schlincks Palmin Pflanzenfett 250g","Dr. Schlincks","4000540017014","2.29","250g (1 kg = 9,16 €)","Käse, Eier & Molkerei","False","https://img.rewe-static.de/4532970/1754080_digital-image.png"
"Hochland Sandwich Scheiben Gouda 150g","Hochland","4002468193474","2.69","150g (1 kg = 17,93 €)","Käse, Eier & Molkerei","False","https://img.rewe-static.de/7180224/27247741_digital-image.png"
"Bonbel cremig-milder Butterkäse 160g","Bonbel","4388844117723","2.22","160g (1 kg = 13,88 €)","Käse, Eier & Molkerei","True","https://img.rewe-static.de/1912654/21042548_digital-image.png"
"Alpro Hafer-Drink Original vegan 1l","Alpro","5411188116028","1.49","1l","Käse, Eier & Molkerei","False","https://img.rewe-static.de/2317861/41623003_digital-image.png"
"Elinas Joghurt Griechischer Art Himbeer Feige 4x150g","Elinas","4003490323525","1.99","4x150g (1 kg = 3,32 €)","Käse, Eier & Molkerei","False","https://img.rewe-static.de/2105948/22264275_digital-image.png"
"REWE Bio Feta 200g","REWE Bio","4337256665216","2.79","200g (1 kg = 13,95 €)","Käse, Eier & Molkerei","False","https://img.rewe-static.de/8960794/41159432_digital-image.png"
"Bergader Weichkäse Bavaria blu Der Milde 175g","Bavaria blu","4006402025418","3.39","175g (1 kg = 19,37 €)","Käse, Eier & Molkerei","False","https://img.rewe-static.de/0475978/6823960_digital-image.png"
"Rücker Alt-Mecklenburger Tilsiter 100g","Rücker","4013557044775","2.19","100g (1 kg = 21,90 €)","Käse, Eier & Molkerei","False","https://img.rewe-static.de/2204789/3347840_digital-image.png"
"Leckermäulchen Milchquark-Mahlzeit Vanilla 150g","Leckermäulchen","40455464","0.89","150g (1 kg = 5,93 €)","Käse, Eier & Molkerei","False","https://img.rewe-static.de/0614068/2463750_digital-image.png"
"Rougette Ofenkäse Gartenkräuter 320g","Rougette","4000504177525","5.99","320g (1 kg = 18,72 €)","Käse, Eier & Molkerei","False","https://img.rewe-static.de/3439780/7372330_digital-image.png"
"Käserebellen Pfefferrebell in Scheiben","NA","2265960000004","2.89","1 Stück ca. 100 g (1 kg = 28,90 €)","Käse, Eier & Molkerei","False","https://img.rewe-static.de/1488941/24060180_digital-image.png"
"Leckermäulchen Milchquark-Mahlzeit Maracuja Pfirsich-Geschmack 150g","Leckermäulchen","4045500021076","0.89","150g (1 kg = 5,93 €)","Käse, Eier & Molkerei","False","https://img.rewe-static.de/8310857/29406959_digital-image.png"
"Zott Monte Butterkeks 125g","Zott","4014500508429","1.09","125g (1 kg = 8,72 €)","Käse, Eier & Molkerei","False","https://img.rewe-static.de/2140431/23304692_digital-image.png"
"Galbani Mozzarella 125g","Galbani","8000430133035","1.99","125g (1 kg = 15,92 €)","Käse, Eier & Molkerei","False","https://img.rewe-static.de/5205263/1690850_digital-image.png"
"Ehrmann Grand Dessert Vanille 190g","Grand Dessert","4002971253108","0.44","190g (1 kg = 2,32 €)","Käse, Eier & Molkerei","True","https://img.rewe-static.de/7199500/27436677_digital-image.png"
"Leerdammer Original Schnittkäse mild-nussig 260g","Leerdammer","8721800401317","4.69","260g (1 kg = 18,04 €)","Käse, Eier & Molkerei","False","https://img.rewe-static.de/8925340/37526588_digital-image.png"
"REWE Beste Wahl Feine Kochcreme 250ml","REWE Beste Wahl","4337256475259","0.89","250ml (1 l = 3,56 €)","Käse, Eier & Molkerei","False","https://img.rewe-static.de/8843150/40191771_digital-image.png"
"REWE Beste Wahl Weidebutter Süßrahm 250g","REWE Beste Wahl","4388860008531","2.89","250g (1 kg = 11,56 €)","Käse, Eier & Molkerei","False","https://img.rewe-static.de/7077819/26943234_digital-image.png"
"REWE Bio Schmand 150g","REWE Bio","4337256872898","0.99","150g (1 kg = 6,60 €)","Käse, Eier & Molkerei","False","https://img.rewe-static.de/0850243/5878710_digital-image.png"
"Bärenmarke Eiskaffee Latte Macchiato 1L","Bärenmarke","4045317058371","1.99","1l","Käse, Eier & Molkerei","False","https://img.rewe-static.de/8426073/31022738_digital-image.png"
"Greco Original Griechischer Sahnejoghurt 150g","Greco","5202258035505","1.49","150g (1 kg = 9,93 €)","Käse, Eier & Molkerei","False","https://img.rewe-static.de/8917707/38987403_digital-image.png"
"REWE Beste Wahl Joghurt mild 3,5 % Fett 1kg","REWE Beste Wahl","4337256651684","1.79","1kg","Käse, Eier & Molkerei","False","https://img.rewe-static.de/8301065/29754009_digital-image.png"
"Ehrmann Almighurt Waldbeeren 150g","Ehrmann","4002971012408","0.79","150g (1 kg = 5,27 €)","Käse, Eier & Molkerei","False","https://img.rewe-static.de/1916343/757100_digital-image.png"
"Ehrmann Almighurt Ananas 150g","Ehrmann","4002971011906","0.79","150g (1 kg = 5,27 €)","Käse, Eier & Molkerei","False","https://img.rewe-static.de/3997723/5929300_digital-image.png"
"REWE frei von Joghurt mild laktosefrei 500g","REWE frei von","4337256537223","0.99","500g (1 kg = 1,98 €)","Käse, Eier & Molkerei","False","https://img.rewe-static.de/1953535/21367647_digital-image.png"
"Müller Fruchtbuttermilch Pfirisch-Nektarine 500g","Müller","4025500288112","1.29","500g (1 kg = 2,58 €)","Käse, Eier & Molkerei","False","https://img.rewe-static.de/9029229/42310351_digital-image.png"
"Friesland Frico Hot Chili Gouda","Frico","8710912223535","1.99","1 Stück ca. 100 g (1 kg = 19,90 €)","Käse, Eier & Molkerei","False","https://img.rewe-static.de/0477302/24974874_digital-image.png"
"REWE Bio Joghurt mild Heidelbeere 150g","REWE Bio","4337256333160","0.49","150g (1 kg = 3,27 €)","Käse, Eier & Molkerei","True","https://img.rewe-static.de/0784809/5300610_digital-image.png"
"REWE Bio Joghurt mild Pfirsich-Passionsfrucht 150g","REWE Bio","4337256576000","0.49","150g (1 kg = 3,27 €)","Käse, Eier & Molkerei","True","https://img.rewe-static.de/8896727/40363653_digital-image.png"
"Lünebest Vanilla-Joghurt 3,5% 150g","Lünebest","4003490055761","0.65","150g (1 kg = 4,33 €)","Käse, Eier & Molkerei","False","https://img.rewe-static.de/4995643/9299770_digital-image.png"
"Müller Fruchtbuttermilch rote Multifrucht 500g","Müller","4025500288099","1.29","500g (1 kg = 2,58 €)","Käse, Eier & Molkerei","False","https://img.rewe-static.de/9026485/42389344_digital-image.png"
"Schlagfix Sprühfertig vegan 200ml","Schlagfix","4260024180270","2.19","200ml (1 l = 10,95 €)","Käse, Eier & Molkerei","False","https://img.rewe-static.de/0138057/22339946_digital-image.png"
"REWE Feine Welt Burrata aus Apulien 250g","REWE Feine Welt","4337256307857","1.89","100g (1 kg = 18,90 €)","Käse, Eier & Molkerei","False","https://img.rewe-static.de/8643941/34631257_digital-image.png"
"Castello Svenso Scheibenkäse 150g","Castello","5760466916431","2.49","150g (1 kg = 16,60 €)","Käse, Eier & Molkerei","False","https://img.rewe-static.de/0969764/8124070_digital-image.png"
"REWE frei von H-Vollmilch laktosefrei 3,5% 1l","REWE frei von","4337256561419","1.29","1l","Käse, Eier & Molkerei","False","https://img.rewe-static.de/1252238/18282510_digital-image.png"
"REWE Beste Wahl Joghurt mild Zitrone 250g","REWE Beste Wahl","4337256144025","0.65","250g (1 kg = 2,60 €)","Käse, Eier & Molkerei","False","https://img.rewe-static.de/0112309/20277281_digital-image.png"
"Danone Fruchtzwerge weniger süß 6x50g","Fruchtzwerge","4009700035684","2.39","6x50g (1 kg = 7,97 €)","Käse, Eier & Molkerei","False","https://img.rewe-static.de/5583578/35348066_digital-image.png"
"REWE Bio + vegan Kokos Natur 400g","REWE Bio","4337256136327","1.35","400g (1 kg = 3,38 €)","Käse, Eier & Molkerei","False","https://img.rewe-static.de/7963454/32512228_digital-image.png"
"Laru Gänseschmaus 125g","Laru","40309248","2.19","125g (1 kg = 17,52 €)","Käse, Eier & Molkerei","False","https://img.rewe-static.de/7730872/37345175_digital-image.png"
"Rama Streichfett Sooo Buttrig! ungesalzen 225g","Rama","8719200233508","1.69","225g (1 kg = 7,51 €)","Käse, Eier & Molkerei","False","https://img.rewe-static.de/3070709/42905521_digital-image.png"
"Yakult Original 6x65ml","Yakult","8713108000644","3.49","6x65ml (1 l = 8,95 €)","Käse, Eier & Molkerei","False","https://img.rewe-static.de/7272584/27803621_digital-image.png"
"Müller Milchreis Zimt 200g","Müller","40255675","0.99","200g (1 kg = 4,95 €)","Käse, Eier & Molkerei","False","https://img.rewe-static.de/4531361/652210_digital-image.png"
"L'Original Fondue 400g","NA","7640103588635","3.79","400g (1 kg = 9,48 €)","Käse, Eier & Molkerei","False","https://img.rewe-static.de/3017568/25978852_digital-image.png"
"Marca Italia Parmigiano Reggiano gerieben 60g","Marca Italia","8010721978122","1.89","60g (1 kg = 31,50 €)","Käse, Eier & Molkerei","False","https://img.rewe-static.de/8398516/32695783_digital-image.png"
"Meggle Feine Butter 250g","Meggle","40349558","3.59","250g (1 kg = 14,36 €)","Käse, Eier & Molkerei","False","https://img.rewe-static.de/6656935/32203086_digital-image.png"
"REWE Bio Skyr Natur 400g","REWE Bio","4337256379458","1.39","400g (1 kg = 3,48 €)","Käse, Eier & Molkerei","False","https://img.rewe-static.de/8354670/29973375_digital-image.png"
"Oatly Haferdrink Kakao vegan 1l","Oatly","7394376616136","2.19","1l","Käse, Eier & Molkerei","False","https://img.rewe-static.de/7222002/27809108_digital-image.png"
"Rama Margarine Der Klassiker 400g","Rama","8719200233041","2.19","400g (1 kg = 5,48 €)","Käse, Eier & Molkerei","False","https://img.rewe-static.de/8826343/36666364_digital-image.png"
"REWE Bio + vegan Mandel Drink Natur 1l","REWE Bio","4337256573627","1.79","1l","Käse, Eier & Molkerei","False","https://img.rewe-static.de/8090294/29688805_digital-image.png"
"REWE Bio Joghurt mild Bircher Müsli 150g","REWE Bio","4337256378406","0.49","150g (1 kg = 3,27 €)","Käse, Eier & Molkerei","True","https://img.rewe-static.de/0784611/5300380_digital-image.png"
"REWE Beste Wahl Joghurt Vanille & Schokoballs 250g","REWE Beste Wahl","4337256145725","0.65","250g (1 kg = 2,60 €)","Käse, Eier & Molkerei","False","https://img.rewe-static.de/2357273/27406789_digital-image.png"
"Chocomel Schokomilch 1l","Chocomel","87124903","1.89","1l","Käse, Eier & Molkerei","False","https://img.rewe-static.de/9875840/1921260_digital-image.png"
"Géramont Cremig-leicht 200g","Géramont","3161710001309","3.49","200g (1 kg = 17,45 €)","Käse, Eier & Molkerei","False","https://img.rewe-static.de/5673941/1620820_digital-image.png"
"REWE Bio Emmentaler 150g","REWE Bio","4337256103626","2.19","150g (1 kg = 14,60 €)","Käse, Eier & Molkerei","False","https://img.rewe-static.de/0200348/7331040_digital-image.png"
"Patros Hirtenkräuter 150g","Patros","4002671104021","2.99","150g (1 kg = 19,93 €)","Käse, Eier & Molkerei","False","https://img.rewe-static.de/0830127/2016020_digital-image.png"
"REWE Bio + vegan Sojacreme Cuisine 200ml","REWE Bio","4337256266383","0.89","200ml (1 l = 4,45 €)","Käse, Eier & Molkerei","False","https://img.rewe-static.de/8041184/30966675_digital-image.png"
"Dr. Oetker Marmorette Pudding Schoko mit Splits 4x100g","Dr. Oetker","4023600008746","2.19","4x100g (1 kg = 5,48 €)","Käse, Eier & Molkerei","False","https://img.rewe-static.de/2180145/24499701_digital-image.png"
"REWE Bio Saure Sahne 200g","REWE Bio","4337256316965","0.95","200g (1 kg = 4,75 €)","Käse, Eier & Molkerei","False","https://img.rewe-static.de/0194191/2459300_digital-image.png"
"Dr. Oetker Sahnepudding Bourbon Vanille 500g","Dr. Oetker","4000521593506","2.49","500g (1 kg = 4,98 €)","Käse, Eier & Molkerei","False","https://img.rewe-static.de/5905001/30785482_digital-image.png"
"Dr. Oetker Crème légère 150g","Dr. Oetker","4000521577100","1.39","150g (1 kg = 9,27 €)","Käse, Eier & Molkerei","False","https://img.rewe-static.de/1355147/1874400_digital-image.png"
"Dr. Oetker Paula Pudding Schokolade mit Vanille-Flecken 4x125g","Dr. Oetker","4023600015515","1.99","4x125g (1 kg = 3,98 €)","Käse, Eier & Molkerei","False","https://img.rewe-static.de/5016487/20515102_digital-image.png"
"REWE Beste Wahl High Protein Mousse au Chocolat 150g","REWE Beste Wahl","4337256802017","0.89","150g (1 kg = 5,93 €)","Käse, Eier & Molkerei","False","https://img.rewe-static.de/8665134/44466673_digital-image.png"
"Landana Chili-Sambal Käse 120g","NA","4388844230217","2.59","120g (1 kg = 21,58 €)","Käse, Eier & Molkerei","False","https://img.rewe-static.de/2843605/27400732_digital-image.png"
"REWE Bio Joghurt Mild 1,8% 150g","REWE Bio","4337256055062","0.39","150g (1 kg = 2,60 €)","Käse, Eier & Molkerei","False","https://img.rewe-static.de/7208641/28468216_digital-image.png"
"Müller Milchreis Vanilla 200g","Müller","40255705","0.99","200g (1 kg = 4,95 €)","Käse, Eier & Molkerei","False","https://img.rewe-static.de/4531663/7397220_digital-image.png"
"Küchenpracht Butterschmalz 250g","Küchenpracht","4032300013967","3.69","250g (1 kg = 14,76 €)","Käse, Eier & Molkerei","False","https://img.rewe-static.de/6560563/7398240_digital-image.png"
"REWE Bio Camembert 150g","REWE Bio","4337256519298","1.99","150g (1 kg = 13,27 €)","Käse, Eier & Molkerei","False","https://img.rewe-static.de/0578901/5917630_digital-image.png"
"Müller Grießpudding Erdbeere 160g","Müller","42263708","0.89","160g (1 kg = 5,56 €)","Käse, Eier & Molkerei","False","https://img.rewe-static.de/2294652/23420462_digital-image.png"
"Bauer Fruchtjoghurt Himbeere 250g","Bauer","4002334113018","0.99","250g (1 kg = 3,96 €)","Käse, Eier & Molkerei","False","https://img.rewe-static.de/2559102/1499960_digital-image.png"
"Meggle Streichzart ungesalzen 250g","Meggle","4034900008145","3.59","250g (1 kg = 14,36 €)","Käse, Eier & Molkerei","False","https://img.rewe-static.de/3136225/25952083_digital-image.png"
"Milram AuflaufLiebe Cheddar & Mozzarella Reibekäse 150g","Milram","4036300152718","2.69","150g (1 kg = 17,93 €)","Käse, Eier & Molkerei","False","https://img.rewe-static.de/8572266/32741448_digital-image.png"
"Alpro Not Mlk Haferdrink 1,8% vegan 1l","Alpro","5411188135005","1.99","1l","Käse, Eier & Molkerei","False","https://img.rewe-static.de/8597384/41571446_digital-image.png"
"REWE Beste Wahl Fruchtigurt Kirsche 150g","REWE Beste Wahl","4337256563581","0.29","150g (1 kg = 1,93 €)","Käse, Eier & Molkerei","False","https://img.rewe-static.de/7716895/39081920_digital-image.png"
"REWE Bio Sahnejoghurt nach griechischer Art 500g","REWE Bio","4337256857178","1.11","500g (1 kg = 2,22 €)","Käse, Eier & Molkerei","True","https://img.rewe-static.de/7710425/38930904_digital-image.png"
"Beemster Mild in Scheiben","Beemster","2125280000002","1.29","1 Stück ca. 100 g (1 kg = 12,90 €)","Käse, Eier & Molkerei","False","https://img.rewe-static.de/0765848/23389628_digital-image.png"
"REWE Beste Wahl Vegane Genuss Scheiben mild 150g","REWE Beste Wahl","21763847","1.19","150g (1 kg = 7,93 €)","Käse, Eier & Molkerei","False","https://img.rewe-static.de/7886889/34546868_digital-image.png"
"Weihenstephan Frischer Joghurt mild 0,1% 500g","Weihenstephan","4008452011960","1.29","500g (1 kg = 2,58 €)","Käse, Eier & Molkerei","False","https://img.rewe-static.de/0841420/26217736_digital-image.png"
"REWE Beste Wahl Joghurt mild Mango 250g","REWE Beste Wahl","4337256154376","0.65","250g (1 kg = 2,60 €)","Käse, Eier & Molkerei","False","https://img.rewe-static.de/0112284/20276789_digital-image.png"
"Dr. Oetker Marmorette Pudding Vanille mit Splits 4x100g","Dr. Oetker","4023600008715","2.19","4x100g (1 kg = 5,48 €)","Käse, Eier & Molkerei","False","https://img.rewe-static.de/2180142/23724241_digital-image.png"
"Hansano Frische Buttermilch 1l","Hansano","4016241011008","1.59","1l","Käse, Eier & Molkerei","False","https://img.rewe-static.de/3785521/2416620_digital-image.png"
"Meggle Feine Butter 125g","Meggle","40349510","2.09","125g (1 kg = 16,72 €)","Käse, Eier & Molkerei","False","https://img.rewe-static.de/3854949/1126740_digital-image.png"
"Leckermäulchen Milchquark-Mahlzeit Käsekuchen 150g","Leckermäulchen","40455068","0.89","150g (1 kg = 5,93 €)","Käse, Eier & Molkerei","False","https://img.rewe-static.de/5553091/11092580_digital-image.png"
"Lätta Margarine Original 450g","Lätta","8719200282612","2.19","450g (1 kg = 4,87 €)","Käse, Eier & Molkerei","False","https://img.rewe-static.de/7747569/36704069_digital-image.png"
"Leerdammer Original","NA","8721800210025","1.99","1 Stück ca. 100 g (1 kg = 19,90 €)","Käse, Eier & Molkerei","False","https://img.rewe-static.de/1340552/27236719_digital-image.png"
"Bergader Blauschimmelkäse Bavaria blu Der Würzige 175g","Bavaria blu","4006402020413","3.39","175g (1 kg = 19,37 €)","Käse, Eier & Molkerei","False","https://img.rewe-static.de/0715552/5898260_digital-image.png"
"REWE frei von Speisequarkzubereitung Magerstufe laktosefrei 250g","REWE frei von","4337256604024","0.89","250g (1 kg = 3,56 €)","Käse, Eier & Molkerei","False","https://img.rewe-static.de/2298683/23439695_digital-image.png"
"Müller Müllermilch Shake Chocolate 400ml","Müller","42454212","0.79","400ml (1 l = 1,98 €)","Käse, Eier & Molkerei","True","https://img.rewe-static.de/9029295/42310111_digital-image.png"
"ESN Proteinpulver Coffee Flexpresso 300g","ESN","4250519665597","17.99","300g (1 kg = 59,97 €)","Käse, Eier & Molkerei","False","https://img.rewe-static.de/9083479/44007298_digital-image.png"
"Müller Grießpudding Zimt & Zucker 132g","Müller","4025500213961","0.89","132g (1 kg = 6,74 €)","Käse, Eier & Molkerei","False","https://img.rewe-static.de/2294649/23420465_digital-image.png"
"REWE Beste Wahl Joghurt mild Apfel-Granatapfel 250g","REWE Beste Wahl","4337256143783","0.65","250g (1 kg = 2,60 €)","Käse, Eier & Molkerei","False","https://img.rewe-static.de/0298657/20277257_digital-image.png"
"Milram Nordlicht Schnittkäse","Milram","4036300012142","1.99","1 Stück ca. 100 g (1 kg = 19,90 €)","Käse, Eier & Molkerei","False","https://img.rewe-static.de/8768074/35946783_digital-image.png"
"Landliebe Joghurt mit Erdbeeren 500g","Landliebe","4067517001650","2.19","500g (1 kg = 4,38 €)","Käse, Eier & Molkerei","False","https://img.rewe-static.de/6444172/3249370_digital-image.png"
"Lätta Extra Fit 450g","Lätta","8719200261556","2.19","450g (1 kg = 4,87 €)","Käse, Eier & Molkerei","False","https://img.rewe-static.de/8837728/38979968_digital-image.png"
"Oberli Rote Hexe in Scheiben","NA","2796580000001","3.29","1 Stück ca. 100 g (1 kg = 32,90 €)","Käse, Eier & Molkerei","False","https://img.rewe-static.de/7034861/34070268_digital-image.png"
"Elinas Joghurt Griechischer Art Brombeere 4x150g","Elinas","4003490323631","1.99","4x150g (1 kg = 3,32 €)","Käse, Eier & Molkerei","False","https://img.rewe-static.de/0209576/954260_digital-image.png"
"REWE Beste Wahl Joghurtalternative Soja ohne Zucker 500g","REWE Beste Wahl","4337256794923","0.99","500g (1 kg = 1,98 €)","Käse, Eier & Molkerei","False","https://img.rewe-static.de/8350350/30741608_digital-image.png"
"Milram Körniger Frischkäse 200g","Milram","4036300002648","1.39","200g (1 kg = 6,95 €)","Käse, Eier & Molkerei","False","https://img.rewe-static.de/6927840/46337336_digital-image.png"
"Dr. Oetker Bourbon-Vanillesoße 250ml","Dr. Oetker","4000521586805","1.69","250ml (1 l = 6,76 €)","Käse, Eier & Molkerei","False","https://img.rewe-static.de/8421595/30786185_digital-image.png"
"Müller Milchreis Erdbeere 200g","Müller","40255613","0.99","200g (1 kg = 4,95 €)","Käse, Eier & Molkerei","False","https://img.rewe-static.de/4952227/2212500_digital-image.png"
"Müller Müllermilch Shake Smooth Vanilla 400ml","Müller","42454205","0.79","400ml (1 l = 1,98 €)","Käse, Eier & Molkerei","True","https://img.rewe-static.de/7621298/42310080_digital-image.png"
"Alpro Mandel-Drink Geröstete Mandel Ohne Zucker vegan 1l","Alpro","5411188112709","2.49","1l","Käse, Eier & Molkerei","False","https://img.rewe-static.de/2045445/39703605_digital-image.png"
"Weihenstephan Haltbare Milch 1,5% 1l","Weihenstephan","4008452027589","1.59","1l","Käse, Eier & Molkerei","False","https://img.rewe-static.de/0677063/26243805_digital-image.png"
"REWE Beste Wahl Fruchtjoghurt Kokos & Schokoballs 250g","REWE Beste Wahl","4337256155038","0.65","250g (1 kg = 2,60 €)","Käse, Eier & Molkerei","False","https://img.rewe-static.de/2357277/27406804_digital-image.png"
"REWE Bio Tilsiter Scheiben 150g","REWE Bio","4337256569859","1.99","150g (1 kg = 13,27 €)","Käse, Eier & Molkerei","False","https://img.rewe-static.de/8881697/38795087_digital-image.png"
"Becel Classic Omega 3 225g","Becel","8719200261464","1.99","225g (1 kg = 8,84 €)","Käse, Eier & Molkerei","False","https://img.rewe-static.de/8833548/36732514_digital-image.png"
"Bärenmarke Alpenfrische Milch 1,8% 1l","Bärenmarke","4045317058050","1.69","1l","Käse, Eier & Molkerei","False","https://img.rewe-static.de/4561767/3754160_digital-image.png"
"Mövenpick Feinjoghurt Erdbeere 150g","Mövenpick","4002334117542","0.99","150g (1 kg = 6,60 €)","Käse, Eier & Molkerei","False","https://img.rewe-static.de/0351318/1179550_digital-image.png"
"REWE frei von Frischkäse laktosefrei 175g","REWE frei von","4337256509374","1.29","175g (1 kg = 7,37 €)","Käse, Eier & Molkerei","False","https://img.rewe-static.de/1299089/17096140_digital-image.png"
"Kaltbach Der Cremig-Würzige in Scheiben","Emmi","2166290000002","3.19","1 Stück ca. 100 g (1 kg = 31,90 €)","Käse, Eier & Molkerei","False","https://img.rewe-static.de/1900047/21541876_digital-image.png"
"Weihenstephan Frischer Kakao 1l","Weihenstephan","4008452033115","1.99","1l","Käse, Eier & Molkerei","False","https://img.rewe-static.de/1971015/43407335_digital-image.png"
"Müller Müllermilch Shake Typ Zimtschnecke 400ml","Müller","42470557","0.79","400ml (1 l = 1,98 €)","Käse, Eier & Molkerei","True","https://img.rewe-static.de/9953897/45475532_digital-image.png"
"Alpro Joghurtalternative Soja Heidelbeere 400g","Alpro","5411188137993","1.99","400g (1 kg = 4,98 €)","Käse, Eier & Molkerei","False","https://img.rewe-static.de/7679422/39182733_digital-image.png"
"Müller Müllermilch Limitiert Choco-Peanut Caramel 400ml","Müller","42470496","0.79","400ml (1 l = 1,98 €)","Käse, Eier & Molkerei","True","https://img.rewe-static.de/9952999/47033061_digital-image.png"
"REWE Beste Wahl Gouda Holland jung 210g","REWE Beste Wahl","4337256263481","2.39","210g (1 kg = 11,38 €)","Käse, Eier & Molkerei","False","https://img.rewe-static.de/8048590/30105877_digital-image.png"
"Landliebe Joghurt mit Heidelbeeren 500g","Landliebe","4067517001551","2.19","500g (1 kg = 4,38 €)","Käse, Eier & Molkerei","False","https://img.rewe-static.de/0152579/7396460_digital-image.png"
"Chavroux 150g","Chavroux","3272770003148","3.39","150g (1 kg = 22,60 €)","Käse, Eier & Molkerei","False","https://img.rewe-static.de/6304044/29773176_digital-image.png"
"Gazi Ciftlik Joghurt 1kg","Gazi","4002566003118","2.59","1000g","Käse, Eier & Molkerei","False","https://img.rewe-static.de/3194876/5328580_digital-image.png"
"Landliebe Gouda sanft-aromatisch 150g","Landliebe","4043600615645","2.59","150g (1 kg = 17,27 €)","Käse, Eier & Molkerei","False","https://img.rewe-static.de/7606592/42471749_digital-image.png"
"Saint Albray L'Original Gourmand & Crémeux 180g","Saint Albray","3222110029994","3.39","180g (1 kg = 18,83 €)","Käse, Eier & Molkerei","False","https://img.rewe-static.de/7220587/29008277_digital-image.png"
"REWE Bio Speisequarkzubereitung Magerstufe 250g","REWE Bio","4337256379090","1.19","250g (1 kg = 4,76 €)","Käse, Eier & Molkerei","False","https://img.rewe-static.de/0194184/4770930_digital-image.png"
"REWE Beste Wahl Mousse au Chocolat 75g","REWE Beste Wahl","4337256555777","0.45","75g (1 kg = 6 €)","Käse, Eier & Molkerei","False","https://img.rewe-static.de/0112226/21480617_digital-image.png"
"Weihenstephan Frischer Kakao 0,5l","Weihenstephan","4008452033511","1.09","500ml (1 l = 2,18 €)","Käse, Eier & Molkerei","False","https://img.rewe-static.de/2156200/22394329_digital-image.png"
"Landliebe Joghurt mit Kirschen 500g","Landliebe","4067517001339","2.19","500g (1 kg = 4,38 €)","Käse, Eier & Molkerei","False","https://img.rewe-static.de/6444199/8849390_digital-image.png"
"Rama Pflanzencreme Zum Braten Butternote 500ml","Rama","8719200242999","2.19","500ml (1 l = 4,38 €)","Käse, Eier & Molkerei","False","https://img.rewe-static.de/2050104/43441261_digital-image.png"
"Hansano Frische Kochsahne 15% 200g","Hansano","4016241020130","1.19","200g (1 kg = 5,95 €)","Käse, Eier & Molkerei","False","https://img.rewe-static.de/0295501/22780674_digital-image.png"
"Ferrari Parmigiano Reggiano 60g","NA","8001230000787","2.29","60g (1 kg = 38,17 €)","Käse, Eier & Molkerei","False","https://img.rewe-static.de/2823327/25257549_digital-image.png"
"Ehrmann High Protein Pudding Schoko 200g","Ehrmann","4002971243703","1.49","200g (1 kg = 7,45 €)","Käse, Eier & Molkerei","False","https://img.rewe-static.de/8215446/28281878_digital-image.png"
"Beemster Gouda 165g","Beemster","8712243074237","2.99","165g (1 kg = 18,12 €)","Käse, Eier & Molkerei","False","https://img.rewe-static.de/1311440/41608011_digital-image.png"
"Berief Bio Hafer Drink Natur glutenfrei vegan 1l","Berief","4004790023795","1.99","1l","Käse, Eier & Molkerei","False","https://img.rewe-static.de/8396771/30761800_digital-image.png"
"Bergader Almzeit Weichkäse cremig-würzig 175g","Bergader","4006402071514","3.39","175g (1 kg = 19,37 €)","Käse, Eier & Molkerei","False","https://img.rewe-static.de/8335917/29698683_digital-image.png"
"Ehrmann Grand Dessert Double Nut 190g","Grand Dessert","4002971253405","0.44","190g (1 kg = 2,32 €)","Käse, Eier & Molkerei","True","https://img.rewe-static.de/7181004/27481035_digital-image.png"
"Dr. Oetker Crème Fraîche Gartenkräuter 125g","Dr. Oetker","4000521579302","1.39","125g (1 kg = 11,12 €)","Käse, Eier & Molkerei","False","https://img.rewe-static.de/4531906/21758773_digital-image.png"
"REWE Beste Wahl Tiramisu Traditionell 2x100g","REWE Beste Wahl","4337256351966","1.69","2x100g (1 kg = 8,45 €)","Käse, Eier & Molkerei","False","https://img.rewe-static.de/8661242/35414978_digital-image.png"
"Danone Activia Müsli 4x115g","Activia","4009700068927","2.69","4x115g (1 kg = 5,85 €)","Käse, Eier & Molkerei","False","https://img.rewe-static.de/7220897/27594209_digital-image.png"
"REWE Beste Wahl High Protein Quarkcreme Himbeere 200g","REWE Beste Wahl","4337256368087","0.89","200g (1 kg = 4,45 €)","Käse, Eier & Molkerei","False","https://img.rewe-static.de/7848573/44466846_digital-image.png"
"REWE Bio + vegan Barista Hafer-Soja Drink 1l","REWE Bio","4337256580076","1.35","1l","Käse, Eier & Molkerei","False","https://img.rewe-static.de/0585224/24930505_digital-image.png"
"Zuivelhoeve Vla Vanille & Schoko Duo High Protein 400g","Zuivelhoeve","8711399020747","2.49","400g (1 kg = 6,23 €)","Käse, Eier & Molkerei","False","https://img.rewe-static.de/8608779/33940785_digital-image.png"
"Mövenpick Feinjoghurt Wechselfrucht 150g","Mövenpick","4002334111762","0.99","150g (1 kg = 6,60 €)","Käse, Eier & Molkerei","False","https://img.rewe-static.de/9615873/20547409_digital-image.png"
"Milram Müritzer herzhaft 150g","Milram","4036300005090","2.69","150g (1 kg = 17,93 €)","Käse, Eier & Molkerei","False","https://img.rewe-static.de/7241373/28079234_digital-image.png"
"Philadelphia Kräuter Doppelrahmstufe 175g","Philadelphia","7622300318116","2.19","175g (1 kg = 12,51 €)","Käse, Eier & Molkerei","False","https://img.rewe-static.de/0575065/5228120_digital-image.png"
"Starbucks Hazelnut Macchiato Eiskaffee 220ml","Starbucks","5711953051258","2.49","220ml (1 l = 11,32 €)","Käse, Eier & Molkerei","False","https://img.rewe-static.de/2815623/40601715_digital-image.png"
"Ehrmann Almighurt Haselnuss 150g","Ehrmann","4002971010503","0.79","150g (1 kg = 5,27 €)","Käse, Eier & Molkerei","False","https://img.rewe-static.de/3713954/1491310_digital-image.png"
"Zott Pure Joy Kirsche vegan 125g","Zott","4014500519067","0.99","125g (1 kg = 7,92 €)","Käse, Eier & Molkerei","False","https://img.rewe-static.de/8771442/36270540_digital-image.png"
"Elinas Joghurt Griechischer Art Honig 4x150g","Elinas","4003490323617","1.99","4x150g (1 kg = 3,32 €)","Käse, Eier & Molkerei","False","https://img.rewe-static.de/0209573/1350580_digital-image.png"
"REWE Feine Welt Stracciatella di Burrata 150g","REWE Feine Welt","4337256780605","2.19","150g (1 kg = 14,60 €)","Käse, Eier & Molkerei","False","https://img.rewe-static.de/7597286/43905287_digital-image.png"
"Ehrmann Almighurt Pfirsich-Maracuja 150g","Ehrmann","4002971011401","0.79","150g (1 kg = 5,27 €)","Käse, Eier & Molkerei","False","https://img.rewe-static.de/3997944/22283526_digital-image.png"
"Milram Buttermilch-Drink Erdbeere 750g","Milram","4036300059406","1.79","750g (1 kg = 2,39 €)","Käse, Eier & Molkerei","False","https://img.rewe-static.de/0583448/25289639_digital-image.png"
"Nestlé Smarties & Vanillejoghurt 120g","SMARTIES","4025500127596","0.99","120g (1 kg = 8,25 €)","Käse, Eier & Molkerei","False","https://img.rewe-static.de/0128012/7397950_digital-image.png"
"Dr. Oetker Rote Grütze Dessert mit Bourbon-Vanillesoße 160g","Dr. Oetker","4000521586102","1.19","160g (1 kg = 7,44 €)","Käse, Eier & Molkerei","False","https://img.rewe-static.de/3246450/30786183_digital-image.png"
"Landliebe Sahnepudding weiße Schokolade 150g","Landliebe","4067517003098","0.99","150g (1 kg = 6,60 €)","Käse, Eier & Molkerei","False","https://img.rewe-static.de/9958521/45900402_digital-image.png"
"Rama Pflanzencreme zum Braten Culinesse 500ml","Rama","8719200057074","2.19","500ml (1 l = 4,38 €)","Käse, Eier & Molkerei","False","https://img.rewe-static.de/8177937/43446365_digital-image.png"
"Hansano Gold Quark 40% 250g","Hansano","4016241041012","1.19","250g (1 kg = 4,76 €)","Käse, Eier & Molkerei","False","https://img.rewe-static.de/9792031/6134840_digital-image.png"
"Galbani Mascarpone 250g","Galbani","8000430172010","3.99","250g (1 kg = 15,96 €)","Käse, Eier & Molkerei","False","https://img.rewe-static.de/4538870/2675000_digital-image.png"
"REWE Beste Wahl Joghurt mild Schokoballs 250g","REWE Beste Wahl","4337256154178","0.65","250g (1 kg = 2,60 €)","Käse, Eier & Molkerei","False","https://img.rewe-static.de/2357274/27406797_digital-image.png"
"Hansano Speisequark 20% 250g","Hansano","4016241041005","1.15","250g (1 kg = 4,60 €)","Käse, Eier & Molkerei","False","https://img.rewe-static.de/9792058/2263590_digital-image.png"
"YoPRO High Protein Skyr Erdbeere 160g","YoPRO","4009700050236","1.19","160g (1 kg = 7,44 €)","Käse, Eier & Molkerei","False","https://img.rewe-static.de/9097623/44175103_digital-image.png"
"Appenzeller kräftig Scheiben 120g","Appenzeller","4388844230675","3.19","120g (1 kg = 26,58 €)","Käse, Eier & Molkerei","False","https://img.rewe-static.de/2843588/41638527_digital-image.png"
"Müller Doppeldecker Waldmeister & Vanilla 4x125g","Müller","42122968","1.49","4x125g (1 kg = 2,98 €)","Käse, Eier & Molkerei","False","https://img.rewe-static.de/9784667/10108820_digital-image.png"
"REWE Beste Wahl Brotzeit-Eier aus Bodenhaltung 6 Stück","REWE Beste Wahl","21247316","1.89","6 Stück","Käse, Eier & Molkerei","False","https://img.rewe-static.de/7871419/33973151_digital-image.png"
"Almette Natur 150g","Almette","4002468084000","1.99","150g (1 kg = 13,27 €)","Käse, Eier & Molkerei","False","https://img.rewe-static.de/4528174/3334490_digital-image.png"
"ESN Designer Bar Hazelnut Nougat 45g","ESN","4250519646527","2.29","45g (1 kg = 50,89 €)","Käse, Eier & Molkerei","False","https://img.rewe-static.de/3679334/34100246_digital-image.png"
"Danone Activia Winter Edition Getrocknete Pflaume & Leinsamen 4x115g","Activia","4009700039392","2.69","4x115g (1 kg = 5,85 €)","Käse, Eier & Molkerei","False","https://img.rewe-static.de/8367189/30069998_digital-image.png"
"Maasdamer mild 220g","Maasdamer","4388844032385","3.29","220g (1 kg = 14,95 €)","Käse, Eier & Molkerei","False","https://img.rewe-static.de/1073210/10055400_digital-image.png"
"Rücker Küsten-Urtyp Herzhaft-Kräftig 100g","Rücker","4008960217311","2.19","100g (1 kg = 21,90 €)","Käse, Eier & Molkerei","False","https://img.rewe-static.de/7207009/28021464_digital-image.png"
"Käserebellen Bergkäse","Käserebellen","2282220000000","1.99","1 Stück ca. 100 g (1 kg = 19,90 €)","Käse, Eier & Molkerei","False","https://img.rewe-static.de/2563533/23972093_digital-image.png"
"Huel Trinkmahlzeit Vanilla 500ml","NA","5060925290875","3.99","500ml (1 l = 7,98 €)","Käse, Eier & Molkerei","False","https://img.rewe-static.de/9113328/43876344_digital-image.png"
"Huel Trinkmahlzeit Beeren 0,5l","NA","5060495114854","3.79","500ml (1 l = 7,58 €)","Käse, Eier & Molkerei","False","https://img.rewe-static.de/7909173/34681043_digital-image.png"
"More Protein Bar White Chocolate Peanut Caramel 50g","NA","4260644048783","2.69","50g (1 kg = 53,80 €)","Käse, Eier & Molkerei","False","https://img.rewe-static.de/9049038/44007187_digital-image.png"
"Le Rustique französicher Weichkäse am Stück","Le Rustique","3176584497004","2.39","1 Stück ca. 100 g (1 kg = 23,90 €)","Käse, Eier & Molkerei","False","https://img.rewe-static.de/9383689/29970592_digital-image.png"
"Greenforce Fertigmischung Veganes Ei 100g","GREENFORCE","4260322211836","3.99","100g (1 kg = 39,90 €)","Käse, Eier & Molkerei","False","https://img.rewe-static.de/8717223/35287177_digital-image.png"
"bedda Scheiben Classic vegan 150g","bedda","4056924000493","2.79","150g (1 kg = 18,60 €)","Käse, Eier & Molkerei","False","https://img.rewe-static.de/2467494/24156203_digital-image.png"
"Landliebe Fruchtjoghurt Brombeere 3,8% 500g","Landliebe","4067517001636","2.19","500g (1 kg = 4,38 €)","Käse, Eier & Molkerei","False","https://img.rewe-static.de/6724094/25959716_digital-image.png"
"Dr. Oetker Creme Vega 150g","Dr. Oetker","4023600011371","1.39","150g (1 kg = 9,27 €)","Käse, Eier & Molkerei","False","https://img.rewe-static.de/3105720/26236789_digital-image.png"
"Müller Joghurt mit der Ecke Schokostars 150g","Müller","40858388","0.89","150g (1 kg = 5,93 €)","Käse, Eier & Molkerei","False","https://img.rewe-static.de/0484790/5371840_digital-image.png"
"St. Mang Allgäuer Rubius extra-cremig 170g","St. Mang","4101430003824","2.99","170g (1 kg = 17,59 €)","Käse, Eier & Molkerei","False","https://img.rewe-static.de/8999263/41764055_digital-image.png"
"Kerrygold Cheddar in Scheiben","Kerrygold","2718770000004","1.99","1 Stück ca. 100 g (1 kg = 19,90 €)","Käse, Eier & Molkerei","False","https://img.rewe-static.de/2466474/23996821_digital-image.png"
"REWE Feine Welt Creme au Caramel Milchdessert 2x100g","REWE Feine Welt","4337256590044","1.39","2x100g (1 kg = 6,95 €)","Käse, Eier & Molkerei","False","https://img.rewe-static.de/0715171/4960450_digital-image.png"
"More Soft Bar Caramel Crunch 50g","NA","4260644048820","2.69","50g (1 kg = 53,80 €)","Käse, Eier & Molkerei","False","https://img.rewe-static.de/7608076/44007285_digital-image.png"
"Starbucks Caramel Macchiato Eiskaffee 220ml","Starbucks","5760466920490","2.49","220ml (1 l = 11,32 €)","Käse, Eier & Molkerei","False","https://img.rewe-static.de/0965234/40601787_digital-image.png"
"More Soft Bar Peanut Caramel 50g","NA","4260644048806","2.69","50g (1 kg = 53,80 €)","Käse, Eier & Molkerei","False","https://img.rewe-static.de/7606675/44007179_digital-image.png"
"Fol Epi Hauchfein Classic 100g","Fol Epi","3090291386584","2.69","100g (1 kg = 26,90 €)","Käse, Eier & Molkerei","False","https://img.rewe-static.de/0453459/5209860_digital-image.png"
"Mondarella Soft Blanc Camembert-Style vegan 125g","Mondarella","4260710350444","2.99","125g (1 kg = 23,92 €)","Käse, Eier & Molkerei","False","https://img.rewe-static.de/7730571/37459930_digital-image.png"
"Moevenpick Feinjoghurt Erdbeere Holunder 150g","Mövenpick","4002334113841","0.99","150g (1 kg = 6,60 €)","Käse, Eier & Molkerei","False","https://img.rewe-static.de/8106792/28934812_digital-image.png"
"Rücker Cremas Natur 175g","Rücker","4008960003648","2.69","175g (1 kg = 15,37 €)","Käse, Eier & Molkerei","False","https://img.rewe-static.de/0957261/19317970_digital-image.png"
"Rücker Ostsee Cheddar fein-würzig 100g","Rücker","4013557207910","2.19","100g (1 kg = 21,90 €)","Käse, Eier & Molkerei","False","https://img.rewe-static.de/8712969/35077270_digital-image.png"
"Müller Grießpudding traditionell 200g","Müller","4025500194888","0.89","200g (1 kg = 4,45 €)","Käse, Eier & Molkerei","False","https://img.rewe-static.de/2875334/25262621_digital-image.png"
"Milram Müritzer Scheiben 175g","Milram","4388860275568","3.49","175g (1 kg = 19,94 €)","Käse, Eier & Molkerei","False","https://img.rewe-static.de/8252344/28964756_digital-image.png"
"Schweizer Emmentaler","NA","2721150000006","1.79","1 Stück ca. 100 g (1 kg = 17,90 €)","Käse, Eier & Molkerei","True","https://img.rewe-static.de/2510346/24632025_digital-image.png"
"Holstein Korneier Bodenhaltung 10 Stück","NA","4016184000107","3.59","10 Stück","Käse, Eier & Molkerei","False","https://img.rewe-static.de/1201273/30827920_digital-image.png"
"Milkana Sahne mit Allgäuer Milch 190g","Milkana","4045357011947","2.89","190g (1 kg = 15,21 €)","Käse, Eier & Molkerei","False","https://img.rewe-static.de/7697272/38809985_digital-image.png"
"REWE Bio Schlagsahne 30% 500g","REWE Bio","4337256736879","2.99","500g (1 kg = 5,98 €)","Käse, Eier & Molkerei","False","https://img.rewe-static.de/9014698/41866190_digital-image.png"
"Salakis Schafskäse Light 180g","Salakis","3482015035470","3.59","180g (1 kg = 19,94 €)","Käse, Eier & Molkerei","False","https://img.rewe-static.de/0324515/7998640_digital-image.png"
"REWE Bio Speisequark 40% Fett i.Tr. 250g","REWE Bio","4337256082020","1.25","250g (1 kg = 5 €)","Käse, Eier & Molkerei","False","https://img.rewe-static.de/8385056/30946715_digital-image.png"
"REWE Bio Ziegenfrischkäse 150g","REWE Bio","4337256450638","2.39","150g (1 kg = 15,93 €)","Käse, Eier & Molkerei","False","https://img.rewe-static.de/2561874/25171739_digital-image.png"
"Simply V Pizzakäse-Ersatz gerieben 180g","Simply V","4260444962807","2.49","180g (1 kg = 13,83 €)","Käse, Eier & Molkerei","False","https://img.rewe-static.de/9026471/41618012_digital-image.png"
"Müller Kalinka Kefir pur 500ml","Müller","4025500287955","1.29","500ml (1 kg = 2,58 €)","Käse, Eier & Molkerei","False","https://img.rewe-static.de/9026102/41793427_digital-image.png"
"REWE Beste Wahl Joghurt mild Vanille 250g","REWE Beste Wahl","4337256143370","0.65","250g (1 kg = 2,60 €)","Käse, Eier & Molkerei","False","https://img.rewe-static.de/0112350/20277291_digital-image.png"
"Marca Italia Grana Padano DOP 200g","Marca Italia","8002226006165","3.79","200g (1 kg = 18,95 €)","Käse, Eier & Molkerei","False","https://img.rewe-static.de/8363922/30279979_digital-image.png"
"Block House Kräuter Butter 150g","Block House","4009286110928","2.99","150g (1 kg = 19,93 €)","Käse, Eier & Molkerei","False","https://img.rewe-static.de/8575267/33431345_digital-image.png"
"Patros Miniwürfel Natur 135g","Patros","4002671145369","2.99","135g (1 kg = 22,15 €)","Käse, Eier & Molkerei","False","https://img.rewe-static.de/2015252/21449651_digital-image.png"
"REWE Beste Wahl Fruchtjoghurt mild Kirsche 250g","REWE Beste Wahl","4337256152884","0.65","250g (1 kg = 2,60 €)","Käse, Eier & Molkerei","False","https://img.rewe-static.de/0112277/20380654_digital-image.png"
"REWE Feine Welt Cremoso di Bufala Weichkäse 150g","REWE Feine Welt","4337256392402","3.29","150g (1 kg = 21,93 €)","Käse, Eier & Molkerei","False","https://img.rewe-static.de/8303767/29553627_digital-image.png"
"Alpro Soja-Drink Vanille vegan 1l","Alpro","5411188115533","2.49","1l","Käse, Eier & Molkerei","False","https://img.rewe-static.de/2317816/30405994_digital-image.png"
"Danaeg Bio Eier 10 Stück","Danaeg","5701105527144","3.89","10 Stück","Käse, Eier & Molkerei","False","https://img.rewe-static.de/7844586/35355943_digital-image.png"
"Alsan Bio-Margarine 250g","Alsan","4002724000775","1.75","250g (1 kg = 7 €)","Käse, Eier & Molkerei","False","https://img.rewe-static.de/8882380/15157830_digital-image.png"
"Landliebe Sahnepudding Bourbon Vanille 150g","Landliebe","4067517001766","0.99","150g (1 kg = 6,60 €)","Käse, Eier & Molkerei","False","https://img.rewe-static.de/2861771/1668560_digital-image.png"
"Frau Antje Pikantje 175g","Frau Antje","4388844127722","2.99","160g (1 kg = 18,69 €)","Käse, Eier & Molkerei","False","https://img.rewe-static.de/1964469/41638728_digital-image.png"
"yfood Trinkmahlzeit Smooth Vanilla 500ml","yfood","4260556635439","2.99","500ml (1 l = 5,98 €)","Käse, Eier & Molkerei","True","https://img.rewe-static.de/9019522/42207229_digital-image.png"
"Milram Dessert-Soße Vanille 500ml","Milram","4008435300807","2.39","500ml (1 l = 4,78 €)","Käse, Eier & Molkerei","False","https://img.rewe-static.de/7704283/1650210_digital-image.png"
"Alpro Soja-Kochcrème Cuisine Light vegan 250ml","Alpro","5411188121329","1.29","0,25l (1 l = 5,16 €)","Käse, Eier & Molkerei","False","https://img.rewe-static.de/1000184/12197030_digital-image.png"
"Berief Bio Mandeldrink ohne Zucker 1l","Berief","4004790035866","1.99","1l","Käse, Eier & Molkerei","False","https://img.rewe-static.de/8833775/36986806_digital-image.png"
"Bresso Frischkäse Feine Kräuter 150g","Bresso","4045357004383","2.39","150g (1 kg = 15,93 €)","Käse, Eier & Molkerei","False","https://img.rewe-static.de/2184147/22552404_digital-image.png"
"REWE Bio + vegan Reis Drink Natur 1l","REWE Bio","4337256262552","1.49","1l","Käse, Eier & Molkerei","False","https://img.rewe-static.de/2587749/24675474_digital-image.png"
"Géramont Natur 125g","Géramont","3161710000623","2.29","125g (1 kg = 18,32 €)","Käse, Eier & Molkerei","False","https://img.rewe-static.de/4511476/23221254_digital-image.png"
"Müller Doppeldecker Himbeere & Vanilla 4x125g","Müller","42123019","1.49","4x125g (1 kg = 2,98 €)","Käse, Eier & Molkerei","False","https://img.rewe-static.de/9784691/6620530_digital-image.png"
"Simply V Streichzart Natur vegan 150g","Simply V","4002468180825","2.49","150g (1 kg = 16,60 €)","Käse, Eier & Molkerei","False","https://img.rewe-static.de/2857321/43120622_digital-image.png"
"REWE Beste Wahl Mini Rolle Kräuter 100g","REWE Beste Wahl","4337256853460","1.59","100g (1 kg = 15,90 €)","Käse, Eier & Molkerei","False","https://img.rewe-static.de/9117421/45490860_digital-image.png"
"Milram Frühlings Quark leicht 185g","Milram","40466057","1.49","185g (1 kg = 8,05 €)","Käse, Eier & Molkerei","False","https://img.rewe-static.de/8415661/31504365_digital-image.png"
"Zott Cheese Tiger Original Käse-Snack 4x21g","Zott","4014500509747","2.49","84g (1 kg = 29,64 €)","Käse, Eier & Molkerei","False","https://img.rewe-static.de/2311924/23573450_digital-image.png"
"Paysan Breton Butter mit Meersalz 250g","Paysan Breton","3412290016185","4.29","250g (1 kg = 17,16 €)","Käse, Eier & Molkerei","False","https://img.rewe-static.de/1362018/31942317_digital-image.png"
"vly Erbsen-Drink Barista 1l","vly","4280001939066","1.99","1l","Käse, Eier & Molkerei","True","https://img.rewe-static.de/8002992/31354173_digital-image.png"
"Brunch Brotaufstrich Kräuter 185g","Brunch","4045357011329","1.99","185g (1 kg = 10,76 €)","Käse, Eier & Molkerei","False","https://img.rewe-static.de/8861495/37588186_digital-image.png"
"Brunch Paprika Peperoni 185g","Brunch","4045357011350","1.99","185g (1 kg = 10,76 €)","Käse, Eier & Molkerei","False","https://img.rewe-static.de/8925610/37407618_digital-image.png"
"Landliebe Joghurt Vanille 500g","Landliebe","4067517001612","2.19","500g (1 kg = 4,38 €)","Käse, Eier & Molkerei","False","https://img.rewe-static.de/7291272/3647120_digital-image.png"
"Rama Cremefine Kochcreme 15% Fett vegan 200ml","Rama","8719200207172","1.39","200ml (1 l = 6,95 €)","Käse, Eier & Molkerei","False","https://img.rewe-static.de/8455146/39781021_digital-image.png"
"REWE Beste Wahl High Protein Pudding Haselnuss 200g","REWE Beste Wahl","4337256177832","0.99","200g (1 kg = 4,95 €)","Käse, Eier & Molkerei","False","https://img.rewe-static.de/8518472/44466741_digital-image.png"
"Alpro Kokosnuss-Drink Barista mit Soja vegan 1l","Alpro","5411188132998","2.49","1l","Käse, Eier & Molkerei","False","https://img.rewe-static.de/8489592/41571669_digital-image.png"
"Arla LactoFree Laktosefreie Milch 3,5% 1l","Arla","5711953031885","1.29","1l","Käse, Eier & Molkerei","True","https://img.rewe-static.de/8398989/40601719_digital-image.png"
"REWE Bio Kokos Reis Drink vegan 1l","REWE Bio","4337256788007","1.35","1l","Käse, Eier & Molkerei","False","https://img.rewe-static.de/8778407/36959255_digital-image.png"
"Kerrygold Cheddar mild-würzig 150g","Kerrygold","5410396152941","2.99","150g (1 kg = 19,93 €)","Käse, Eier & Molkerei","False","https://img.rewe-static.de/2602857/3497670_digital-image.png"
"Danone Fruchtzwerge Erdbeere, Kirsche, Himbeere 6x50g","Fruchtzwerge","4009700035707","2.39","6x50g (1 kg = 7,97 €)","Käse, Eier & Molkerei","False","https://img.rewe-static.de/4834798/35348064_digital-image.png"
"Müller Doppeldecker Schoko & Vanilla 4x125g","Müller","42123002","1.49","4x125g (1 kg = 2,98 €)","Käse, Eier & Molkerei","False","https://img.rewe-static.de/9784179/6724190_digital-image.png"
"Weihenstephan Rahmjoghurt Pfirsich 150g","Weihenstephan","4008452035577","0.99","150g (1 kg = 6,60 €)","Käse, Eier & Molkerei","False","https://img.rewe-static.de/8211019/2646020_digital-image.png"
"Elinas Joghurt nach griechischer Art Ananas 4x150g","Elinas","4003490323457","1.99","4x150g (1 kg = 3,32 €)","Käse, Eier & Molkerei","False","https://img.rewe-static.de/9076023/43242006_digital-image.png"
"Lünebest Joghurt auf Frucht Erdbeer 150g","Lünebest","4003490055464","0.65","150g (1 kg = 4,33 €)","Käse, Eier & Molkerei","False","https://img.rewe-static.de/4956508/3136950_digital-image.png"
"REWE Bio + vegan Hafer Drink glutenfrei 1l","REWE Bio","4337256340137","1.49","1l","Käse, Eier & Molkerei","False","https://img.rewe-static.de/8655182/34863381_digital-image.png"
"Frico Gouda jung","Frico","2770370000006","1.39","1 Stück ca. 100 g (1 kg = 13,90 €)","Käse, Eier & Molkerei","False","https://img.rewe-static.de/4532023/31434352_digital-image.png"
"Zott Sahnejoghurt Erdbeer 150g","Zott","4014500059617","0.89","150g (1 kg = 5,93 €)","Käse, Eier & Molkerei","False","https://img.rewe-static.de/9891102/47635659_digital-image.png"
"REWE Beste Wahl High Protein Pudding Salted Caramel 200g","REWE Beste Wahl","4337256175753","0.99","200g (1 kg = 4,95 €)","Käse, Eier & Molkerei","False","https://img.rewe-static.de/8519217/44466803_digital-image.png"
"Landliebe Cremiger Joghurt mild 500g","Landliebe","4067517001629","1.89","500g (1 kg = 3,78 €)","Käse, Eier & Molkerei","False","https://img.rewe-static.de/6737188/7396340_digital-image.png"
"Old Amsterdam Das Original 115g","Old Amsterdam","8710243909900","3.49","115g (1 kg = 30,35 €)","Käse, Eier & Molkerei","False","https://img.rewe-static.de/9068044/42730660_digital-image.png"
"Osterland Rote Grütze+Soße 160g","Osterland","4008435280710","0.49","160g (1 kg = 3,06 €)","Käse, Eier & Molkerei","False","https://img.rewe-static.de/1189610/11596650_digital-image.png"
"Philadelphia Natur Doppelrahmstufe 6x16,7g","Philadelphia","4000339335626","2.19","6x16,67g (1 kg = 21,90 €)","Käse, Eier & Molkerei","False","https://img.rewe-static.de/5349729/3331280_digital-image.png"
"Rügener Badejunge Der Leichte Camembert 150g","Rügener Badejunge","40508252","2.69","150g (1 kg = 17,93 €)","Käse, Eier & Molkerei","False","https://img.rewe-static.de/6063241/3732990_digital-image.png"
"Landliebe Landkäse Maasdamer zart-würzig 150g","Landliebe","4043600615683","2.59","150g (1 kg = 17,27 €)","Käse, Eier & Molkerei","False","https://img.rewe-static.de/7605386/42669871_digital-image.png"
"Ehrmann Almighurt Kiwi-Stachelbeere 150g","Ehrmann","4002971011203","0.79","150g (1 kg = 5,27 €)","Käse, Eier & Molkerei","False","https://img.rewe-static.de/3997774/1391130_digital-image.png"
"Müller Joghurt mit der Ecke Brownie 150g","Müller","42435907","0.89","150g (1 kg = 5,93 €)","Käse, Eier & Molkerei","False","https://img.rewe-static.de/8742891/35714996_digital-image.png"
"Andechser Bio H-Ziegenmilch 3% 1l","Andechser Natur","4104060031526","3.39","1l","Käse, Eier & Molkerei","False","https://img.rewe-static.de/3098624/26110860_digital-image.png"
"Arla Kaergarden Balance Ungesalzen aus Butter & Rapsöl 200g","Arla","4100290068639","2.99","200g (1 kg = 14,95 €)","Käse, Eier & Molkerei","False","https://img.rewe-static.de/7655931/40551225_digital-image.png"
"Zott Sahnejoghurt Bourbon-Vanille 150g","Zott","4014500506104","0.89","150g (1 kg = 5,93 €)","Käse, Eier & Molkerei","False","https://img.rewe-static.de/1402778/20443818_digital-image.png"
"Milram Frischer Schmand 250g","Milram","4036303121889","1.49","250g (1 kg = 5,96 €)","Käse, Eier & Molkerei","False","https://img.rewe-static.de/5081882/1621590_digital-image.png"
"Bauer Joghurt Vanille 250g","Bauer","4002334113131","0.99","250g (1 kg = 3,96 €)","Käse, Eier & Molkerei","False","https://img.rewe-static.de/2559285/7397350_digital-image.png"
"Müller Joghurt mit der Ecke & Mascarpone Kirsch 135g","Müller","42334309","0.89","135g (1 kg = 6,59 €)","Käse, Eier & Molkerei","False","https://img.rewe-static.de/8318525/29624329_digital-image.png"
"Nestlé Smarties & Joghurt 120g","SMARTIES","4005500027430","0.99","120g (1 kg = 8,25 €)","Käse, Eier & Molkerei","False","https://img.rewe-static.de/1355708/7263830_digital-image.png"
"Exquisa Käsekuchen-Snack Natur 70g","Exquisa","40193762","1.39","70g (1 kg = 19,86 €)","Käse, Eier & Molkerei","False","https://img.rewe-static.de/8959633/1690580_digital-image.png"
"Müller Joghurt mit der Ecke & Mascarpone Erdbeer 135g","Müller","42334293","0.89","135g (1 kg = 6,59 €)","Käse, Eier & Molkerei","False","https://img.rewe-static.de/8320313/29699416_digital-image.png"
"Kerrygold extra gesalzen mit Rapsöl 250g","Kerrygold","4001954165513","3.99","250g (1 kg = 15,96 €)","Käse, Eier & Molkerei","False","https://img.rewe-static.de/0793834/5586410_digital-image.png"
"Mövenpick Feinjoghurt Kirsche-Schoko 150g","Mövenpick","4002334112080","0.99","150g (1 kg = 6,60 €)","Käse, Eier & Molkerei","False","https://img.rewe-static.de/7152005/27040467_digital-image.png"
"Alpro Mandel-Drink Barista vegan 1l","Alpro","5411188129899","2.49","1l","Käse, Eier & Molkerei","False","https://img.rewe-static.de/8489787/41571652_digital-image.png"
"Rücker Friesischer Hirtenkäse natur laktosefrei 200g","Rücker","4008960221301","2.69","200g (1 kg = 13,45 €)","Käse, Eier & Molkerei","False","https://img.rewe-static.de/8310442/29438896_digital-image.png"
"Kerrygold extra gesalzen mit Rapsöl 400g","Kerrygold","4001954165834","5.99","400g (1 kg = 14,98 €)","Käse, Eier & Molkerei","False","https://img.rewe-static.de/2214515/22924142_digital-image.png"
"Berief Bio Soja Drink Naturell vegan 1l","Berief","4004790110303","1.29","1l","Käse, Eier & Molkerei","False","https://img.rewe-static.de/7164869/28526431_digital-image.png"
"Weihenstephan Rahmjoghurt Kirsche 150g","Weihenstephan","4008452035553","0.99","150g (1 kg = 6,60 €)","Käse, Eier & Molkerei","False","https://img.rewe-static.de/5847079/1324640_digital-image.png"
"Becel Proactive 225g","Becel","8719200263543","2.99","225g (1 kg = 13,29 €)","Käse, Eier & Molkerei","False","https://img.rewe-static.de/8832589/36742917_digital-image.png"
"Elinas Joghurt Griechischer Art Natur 0,1% 4x150g","Elinas","4003490332787","1.99","4x150g (1 kg = 3,32 €)","Käse, Eier & Molkerei","False","https://img.rewe-static.de/8576344/33292023_digital-image.png"
"yfood Trinkmahlzeit Cold Brew Coffee 500ml","yfood","4260556635491","2.99","500ml (1 l = 5,98 €)","Käse, Eier & Molkerei","True","https://img.rewe-static.de/7625427/42080915_digital-image.png"
"Kiri Natur 150g","Kiri","3073781160741","2.79","150g (1 kg = 18,60 €)","Käse, Eier & Molkerei","False","https://img.rewe-static.de/8597932/33063078_digital-image.png"
"Dr. Oetker Götterspeise Minis Waldmeister 6x50g","Dr. Oetker","4023600007428","1.19","6x50g (1 kg = 3,97 €)","Käse, Eier & Molkerei","False","https://img.rewe-static.de/1965192/37887591_digital-image.png"
"Danone Actimel Drink Classic 0,1% 8x100g","Actimel","4009700074744","3.99","8x100g (1 kg = 4,99 €)","Käse, Eier & Molkerei","False","https://img.rewe-static.de/4356616/3255620_digital-image.png"
"Alpro Joghurtalternative Soja Himbeere Apfel Ohne Zuckerzusatz vegan 400g","Alpro","5411188128663","1.99","400g (1 kg = 4,98 €)","Käse, Eier & Molkerei","False","https://img.rewe-static.de/8287637/42706842_digital-image.png"
"Müller Froop Zitrone 150g","Müller","40255521","0.79","150g (1 kg = 5,27 €)","Käse, Eier & Molkerei","False","https://img.rewe-static.de/3367509/936130_digital-image.png"
"yfood Trinkmahlzeit Fresh Berry 500ml","yfood","4260556635521","2.99","500ml (1 l = 5,98 €)","Käse, Eier & Molkerei","True","https://img.rewe-static.de/7625579/42207091_digital-image.png"
"Müller Milchreis Schoko 200g","Müller","40255651","0.99","200g (1 kg = 4,95 €)","Käse, Eier & Molkerei","False","https://img.rewe-static.de/4531655/652250_digital-image.png"
"Hamfelder Hof Bio fettarme Milch 1,5% 1l","Hamfelder Hof","4056479184105","1.99","1l","Käse, Eier & Molkerei","False","https://img.rewe-static.de/8247960/24050527_digital-image.png"
"Milkana Schmelzkäse Gouda & Allgäuer Milch 190g","Milkana","4045357010759","2.89","190g (1 kg = 15,21 €)","Käse, Eier & Molkerei","False","https://img.rewe-static.de/8727605/35571714_digital-image.png"
"Dr. Oetker Götterspeise Himbeer-Geschmack 160g","Dr. Oetker","4000521561307","0.79","160g (1 kg = 4,94 €)","Käse, Eier & Molkerei","False","https://img.rewe-static.de/0618900/2897330_digital-image.png"
"Marca Italia Parmigiano Reggiano 200g","Marca Italia","8052879380136","4.59","200g (1 kg = 22,95 €)","Käse, Eier & Molkerei","False","https://img.rewe-static.de/8253459/28776157_digital-image.png"
"Castello Höhlenkäse Classic Scheiben 150g","Castello","5760466925570","2.49","150g (1 kg = 16,60 €)","Käse, Eier & Molkerei","False","https://img.rewe-static.de/1112877/20755104_digital-image.png"
"Exquisa QuarkGenuss Erdbeere 0,2% 500g","Exquisa","4019300004614","2.39","500g (1 kg = 4,78 €)","Käse, Eier & Molkerei","False","https://img.rewe-static.de/9254943/24260606_digital-image.png"
"Ehrmann High Protein Pistacia Style Mousse 200g","Ehrmann","4002971287707","1.99","200g (1 kg = 9,95 €)","Käse, Eier & Molkerei","False","https://img.rewe-static.de/8881572/38023169_digital-image.png"
"Philadelphia mit Milka 175g","Philadelphia","7622300508661","2.19","175g (1 kg = 12,51 €)","Käse, Eier & Molkerei","False","https://img.rewe-static.de/1022169/9244840_digital-image.png"
"Müller Grießpudding Himbeere 160g","Müller","42263715","0.89","160g (1 kg = 5,56 €)","Käse, Eier & Molkerei","False","https://img.rewe-static.de/2294653/23514636_digital-image.png"
"Exquisa QuarkGenuss Heidelbeere 0,2% 500g","Exquisa","4019300004652","2.39","500g (1 kg = 4,78 €)","Käse, Eier & Molkerei","False","https://img.rewe-static.de/0477702/24338236_digital-image.png"
"Violife Vioblock vegan 250g","Violife","8719200203440","1.99","250g (1 kg = 7,96 €)","Käse, Eier & Molkerei","False","https://img.rewe-static.de/8582239/33008174_digital-image.png"
"Kinder Paradiso 4x29g","Kinder","80051237","1.99","4x29g (1 kg = 17,16 €)","Käse, Eier & Molkerei","False","https://img.rewe-static.de/0552752/2101070_digital-image.png"
"Alpro Hafer-Drink Not Mlk Barista vegan 1l","Alpro","5411188140146","1.99","1l","Käse, Eier & Molkerei","False","https://img.rewe-static.de/7576088/43644817_digital-image.png"
"Exquisa QuarkGenuss Kirsche 0,2% 500g","Exquisa","4019300004621","2.39","500g (1 kg = 4,78 €)","Käse, Eier & Molkerei","False","https://img.rewe-static.de/9250581/24583514_digital-image.png"
"Marka Hellas Schafkäse leicht 150g","Marka Hellas","8052879380723","2.19","150g","Käse, Eier & Molkerei","False","https://img.rewe-static.de/8967944/43318125_digital-image.png"
"REWE Bio Joghurt mild Stracciatella 500g","REWE Beste Wahl","4337256895361","1.79","500g (1 kg = 3,58 €)","Käse, Eier & Molkerei","False","https://img.rewe-static.de/9960026/45203917_digital-image.png"
"REWE Beste Wahl High Protein Quarkcreme Vanille 200g","REWE Beste Wahl","4337256368810","0.89","200g (1 kg = 4,45 €)","Käse, Eier & Molkerei","False","https://img.rewe-static.de/7848877/44466868_digital-image.png"
"Berief Bio Hafer-Soja-Drink Barista vegan 1l","Berief","4004790023764","1.99","1l","Käse, Eier & Molkerei","False","https://img.rewe-static.de/8396964/30759074_digital-image.png"
"Landliebe Kakao-Milch 1l","Landliebe","4046700026526","1.99","1l","Käse, Eier & Molkerei","False","https://img.rewe-static.de/4945735/5794880_digital-image.png"
"REWE Bio Schafkäse mild 120g","REWE Bio","4337256451093","3.39","120g (1 kg = 28,25 €)","Käse, Eier & Molkerei","False","https://img.rewe-static.de/8130039/28891651_digital-image.png"
"Dr. Oetker Paula minis Schoko 8x50g","Dr. Oetker","4023600015423","1.99","8x50g (1 kg = 4,98 €)","Käse, Eier & Molkerei","False","https://img.rewe-static.de/7936235/32388927_digital-image.png"
"Weideglück Butterkäse","Weideglück","4028900045002","0.99","1 Stück ca. 100 g (1 kg = 9,90 €)","Käse, Eier & Molkerei","False","https://img.rewe-static.de/2025251/25061064_digital-image.png"
"Weihenstephan H-Milch 1,5% 0,5l","Weihenstephan","4008452033962","0.99","500ml (1 l = 1,98 €)","Käse, Eier & Molkerei","False","https://img.rewe-static.de/2374148/24425136_digital-image.png"
"REWE Beste Wahl Joghurt mild Aprikose 250g","REWE Beste Wahl","4337256154130","0.65","250g (1 kg = 2,60 €)","Käse, Eier & Molkerei","False","https://img.rewe-static.de/0112282/20276674_digital-image.png"
"Petrella Frischcreme mit Schnittlauch vegan 125g","Petrella","4020300961180","1.99","125g (1 kg = 15,92 €)","Käse, Eier & Molkerei","False","https://img.rewe-static.de/8960570/39295304_digital-image.png"
"Zott Pure Joy Pfirsich-Maracuja vegan 125g","Zott","4014500519050","0.99","125g (1 kg = 7,92 €)","Käse, Eier & Molkerei","False","https://img.rewe-static.de/7783837/36270493_digital-image.png"
"Müller Fruchtbuttermilch Erdbeere 500g","Müller","4025500288136","1.29","500g (1 kg = 2,58 €)","Käse, Eier & Molkerei","False","https://img.rewe-static.de/7622497/42310342_digital-image.png"
"Zott Pure Joy Erdbeere vegan 125g","Zott","4014500519043","0.99","125g (1 kg = 7,92 €)","Käse, Eier & Molkerei","False","https://img.rewe-static.de/8776333/35983987_digital-image.png"
"Zott Pure Joy Mango vegan 125g","Zott","4014500519074","0.99","125g (1 kg = 7,92 €)","Käse, Eier & Molkerei","False","https://img.rewe-static.de/8773644/35983998_digital-image.png"
"Patros Würfel in Öl 300g","Patros","4002671158086","3.69","300g (1 kg = 12,30 €)","Käse, Eier & Molkerei","False","https://img.rewe-static.de/7833712/40865810_digital-image.png"
"St. Mang Rubius Der Würzige- 180g","St. Mang","4101430003817","2.99","180g (1 kg = 16,61 €)","Käse, Eier & Molkerei","False","https://img.rewe-static.de/2737788/25291795_digital-image.png"
"Ehrmann Almighurt Stracciatella 150g","Ehrmann","4002971019001","0.79","150g (1 kg = 5,27 €)","Käse, Eier & Molkerei","False","https://img.rewe-static.de/5987946/2320660_digital-image.png"
"Schwarzwaldmilch Bio Frische Vollmilch 3,8% 1l","Schwarzwaldmilch","4046700500965","1.89","1l","Käse, Eier & Molkerei","False","https://img.rewe-static.de/2235048/18946320_digital-image.png"
"Milram Kakao-Drink Moin Kakao 500ml","Milram","40363462","0.89","500ml (1 l = 1,78 €)","Käse, Eier & Molkerei","False","https://img.rewe-static.de/0725886/5542700_digital-image.png"
"Exquisa Quark Genuss Himbeere 500g","Exquisa","4019300173624","2.39","500g (1 kg = 4,78 €)","Käse, Eier & Molkerei","False","https://img.rewe-static.de/9919098/47379653_digital-image.png"
"Hansano Laktosefreie Milch 3,5% 1l","Hansano","4016241221506","2.09","1l","Käse, Eier & Molkerei","False","https://img.rewe-static.de/1264932/21354495_digital-image.png"
"REWE Regional Frische Vollmilch 3,5% 1l","REWE Regional","4337256216111","1.29","1l","Käse, Eier & Molkerei","False","https://img.rewe-static.de/7254272/28250560_digital-image.png"
"Rama Cremefine zum Aufschlagen und Kochen 250ml","Rama","8719200278844","1.49","250ml (1 l = 5,96 €)","Käse, Eier & Molkerei","False","https://img.rewe-static.de/7591848/43314170_digital-image.png"
"Deli Reform Zwiebel-Schmalz 200g","Deli Reform","40264158","1.99","200g (1 kg = 9,95 €)","Käse, Eier & Molkerei","False","https://img.rewe-static.de/1923390/9691790_digital-image.png"
"Frischkäsecreme mit Mandarin-Orange und Porree","NA","2198630000007","1.49","1 Stück ca. 100 g (1 kg = 14,90 €)","Käse, Eier & Molkerei","True","https://img.rewe-static.de/8908344/39240185_digital-image.png"
"Zott Pure Joy Choco Pudding vegan 150g","Zott","4014500520360","0.99","150g (1 kg = 6,60 €)","Käse, Eier & Molkerei","False","https://img.rewe-static.de/8985956/41087146_digital-image.png"
"Milram Bärlauch Quark 185g","Milram","40466125","1.49","185g (1 kg = 8,05 €)","Käse, Eier & Molkerei","False","https://img.rewe-static.de/8415739/31009290_digital-image.png"
"Schwartau Erdbeersauce 125ml","Schwartau","4011800040000","1.99","125ml (1 l = 15,92 €)","Käse, Eier & Molkerei","False","https://img.rewe-static.de/4580044/28007762_digital-image.png"
"Exquisa 0,2% Fitline Paprika-Chili 175g","Exquisa","4019300164486","1.99","175g (1 kg = 11,37 €)","Käse, Eier & Molkerei","False","https://img.rewe-static.de/7267651/27809447_digital-image.png"
"Ehrmann Lacto Zero Quark-Joghurt-Creme Stracciatella 135g","Ehrmann","4002971616309","1.09","135g (1 kg = 8,07 €)","Käse, Eier & Molkerei","False","https://img.rewe-static.de/1313871/17593490_digital-image.png"
"Westland Old Amsterdam Holländischer Schnittkäse","Westland","2133700000006","2.59","1 Stück ca. 100 g (1 kg = 25,90 €)","Käse, Eier & Molkerei","False","https://img.rewe-static.de/7999917/23619550_digital-image.png"
"Frico Gouda mittelalt in Scheiben","Frico","8710912055259","1.89","1 Stück ca. 100 g (1 kg = 18,90 €)","Käse, Eier & Molkerei","False","https://img.rewe-static.de/7033982/25939254_digital-image.png"
"More Chunky Flavour Vanilla 90g","NA","4260644048165","9.99","90g (1 kg = 111 €)","Käse, Eier & Molkerei","False","https://img.rewe-static.de/7587496/44145596_digital-image.png"
"Ehrmann Lacto Zero Quark-Joghurt-Creme Erdbeere 135g","Ehrmann","4002971616101","1.09","135g (1 kg = 8,07 €)","Käse, Eier & Molkerei","False","https://img.rewe-static.de/1313870/17593520_digital-image.png"
"Leerdammer Delacrème Käse","Leerdammer","8721800400631","1.99","1 Stück ca. 100 g (1 kg = 19,90 €)","Käse, Eier & Molkerei","False","https://img.rewe-static.de/8794947/36857092_digital-image.png"
"Berief Bio Barista ohne Zucker vegan 1l","Berief","4004790043281","1.99","1l","Käse, Eier & Molkerei","False","https://img.rewe-static.de/9973935/44610932_digital-image.png"
"Zott Sahnejoghurt Bratapfel 150g","Zott","4014500511481","0.89","150g (1 kg = 5,93 €)","Käse, Eier & Molkerei","False","https://img.rewe-static.de/2548663/24382432_digital-image.png"
"Milram Müritzer in Scheiben","Milram","2132710000006","1.99","1 Stück ca. 100 g (1 kg = 19,90 €)","Käse, Eier & Molkerei","False","https://img.rewe-static.de/0191219/28577259_digital-image.png"
"Schwarzwaldmilch LAC Kochsahne laktosefrei 200g","Schwarzwaldmilch","4046700003756","1.65","200g (1 kg = 8,25 €)","Käse, Eier & Molkerei","False","https://img.rewe-static.de/8755720/35140008_digital-image.png"
"Ehrmann Lacto Zero Quark Pfirsich-Maracuja 135g","Ehrmann","4002971616408","1.09","135g (1 kg = 8,07 €)","Käse, Eier & Molkerei","False","https://img.rewe-static.de/1313873/17592560_digital-image.png"
"Exquisa Balance Vital 5% Fett 200g","Exquisa","4019300005307","1.99","200g (1 kg = 9,95 €)","Käse, Eier & Molkerei","False","https://img.rewe-static.de/2386348/9259470_digital-image.png"
"Violife Creamy Supreme vegan 150g","Violife","5202390031519","2.49","150g (1 kg = 16,60 €)","Käse, Eier & Molkerei","False","https://img.rewe-static.de/9985810/44772713_digital-image.png"
"Bärenmarke Eiskaffee 250ml","Bärenmarke","4045317054007","1.15","250ml (1 l = 4,60 €)","Käse, Eier & Molkerei","False","https://img.rewe-static.de/8679555/34779903_digital-image.png"
"Milram Schmand-Alternative Vegan 200g","Milram","4036300225375","1.39","200g (1 kg = 6,95 €)","Käse, Eier & Molkerei","False","https://img.rewe-static.de/9047491/42252938_digital-image.png"
"Beemster Bockshornklee Fenegriek","Beemster","2775250000008","1.99","1 Stück ca. 100 g (1 kg = 19,90 €)","Käse, Eier & Molkerei","False","https://img.rewe-static.de/7290717/29406632_digital-image.png"
"Tilsiter scharf 45% Fett i. Tr.","NA","4003362003906","2.39","1 Stück ca. 100 g (1 kg = 23,90 €)","Käse, Eier & Molkerei","False","https://img.rewe-static.de/4188098/27126989_digital-image.png"
"Holtseer Tilsiter herzhaft pikant","Holtseer Tilsiter","4060973244449","1.79","1 Stück ca. 100 g (1 kg = 17,90 €)","Käse, Eier & Molkerei","False","https://img.rewe-static.de/8821616/38954584_digital-image.png"
"Holstein Eier Freilandhaltung 10 Stück","NA","4016184001005","3.79","10 Stück","Käse, Eier & Molkerei","False","https://img.rewe-static.de/1192732/24877149_digital-image.png"
"REWE Bio Mililk Hafer + Barista vegan 280g","REWE Bio","4337256754101","2.59","280g (1 kg = 9,25 €)","Käse, Eier & Molkerei","False","https://img.rewe-static.de/9030546/42748511_digital-image.png"
"JUST FOOD Trinkmahlzeit Berry 500ml","Just Food","4025500295073","3.99","500ml (1 l = 7,98 €)","Käse, Eier & Molkerei","False","https://img.rewe-static.de/9924015/47663629_digital-image.png"
"vly Haselnuss Shake vegan 400ml","vly","4280001939622","2.99","400ml (1 l = 7,48 €)","Käse, Eier & Molkerei","False","https://img.rewe-static.de/7652152/38990287_digital-image.png"
"More Chunky Flavour Cinnalicious 90g","NA","4260644048141","9.99","90g (1 kg = 111 €)","Käse, Eier & Molkerei","False","https://img.rewe-static.de/9083594/44488980_digital-image.png"
"Nordsee Käserei Nordseekäse würzig pikant","NA","4262414731123","1.79","1 Stück ca. 100 g (1 kg = 17,90 €)","Käse, Eier & Molkerei","False","https://img.rewe-static.de/8951444/40611678_digital-image.png"
"Holtseer Ascheberger kräftig-pikant","Holtseer Tilsiter","4060973211526","1.79","1 Stück ca. 100 g (1 kg = 17,90 €)","Käse, Eier & Molkerei","False","https://img.rewe-static.de/7755558/37566769_digital-image.png"
"More Chunky Flavour Blueberry Cheesecake vegan 90g","NA","4260644048103","9.99","90g (1 kg = 111 €)","Käse, Eier & Molkerei","False","https://img.rewe-static.de/9079291/44492109_digital-image.png"
"Rücker Alt Mecklenburger kräftig Schnittkäse","Rücker","4013557044874","2.19","1 Stück ca. 100 g (1 kg = 21,90 €)","Käse, Eier & Molkerei","False","https://img.rewe-static.de/3726215/24905357_digital-image.png"
"Bärenmarke Die Alpenfrische Vollmilch 1l","Bärenmarke","4045317058067","1.79","1l","Käse, Eier & Molkerei","False","https://img.rewe-static.de/1252410/25380943_digital-image.png"
"REWE Bio Caffè Latte 250ml","REWE Bio","4337256263351","0.99","250ml (1 l = 3,96 €)","Käse, Eier & Molkerei","False","https://img.rewe-static.de/1323529/20240656_digital-image.png"
"Salzburgmilch Bio Gouda Scheiben 150g","NA","4388860536706","2.99","150g (1 kg = 19,93 €)","Käse, Eier & Molkerei","False","https://img.rewe-static.de/8178769/41638522_digital-image.png"
"Winsenia Eisfix Schoko 225ml","Winsenia","4002309034751","2.49","225ml (1 l = 11,07 €)","Käse, Eier & Molkerei","False","https://img.rewe-static.de/0150040/730860_digital-image.png"
"REWE Beste Wahl Joghurt mild Pfirsich-Maracuja 250g","REWE Beste Wahl","4337256148672","0.65","250g (1 kg = 2,60 €)","Käse, Eier & Molkerei","False","https://img.rewe-static.de/0112280/20276750_digital-image.png"
"Bauer Fruchtjoghurt Erdbeere 250g","Bauer","4002334113001","0.99","250g (1 kg = 3,96 €)","Käse, Eier & Molkerei","False","https://img.rewe-static.de/2559080/814520_digital-image.png"
"More Proteinpulver Vanilla Ice Cream 360g","NA","4255719302532","19.99","360g (1 kg = 55,53 €)","Käse, Eier & Molkerei","False","https://img.rewe-static.de/9180090/44230888_digital-image.png"
"Becel Gold Omega 3 225g","Becel","8719200262300","1.99","225g (1 kg = 8,84 €)","Käse, Eier & Molkerei","False","https://img.rewe-static.de/7747165/36800462_digital-image.png"
"REWE Beste Wahl Joghurt mild Heidelbeere 250g","REWE Beste Wahl","4337256144780","0.65","250g","Käse, Eier & Molkerei","False","https://img.rewe-static.de/0112289/20277270_digital-image.png"
"Saint Agur l'Intense Weichkäse am Stück","NA","3341501000173","1.79","1 Stück ca. 100 g (1 kg = 17,90 €)","Käse, Eier & Molkerei","True","https://img.rewe-static.de/6492010/26298567_digital-image.png"
"Watzmann Bergkäse","NA","4006402101914","2.49","1 Stück ca. 100 g (1 kg = 24,90 €)","Käse, Eier & Molkerei","False","https://img.rewe-static.de/7588896/44127180_digital-image.png"
"Alpro Not Mlk Haferdrink 3,5% vegan 1l","Alpro","5411188134985","2.89","1l","Käse, Eier & Molkerei","False","https://img.rewe-static.de/8597787/33002846_digital-image.png"
"REWE Beste Wahl Joghurt mild Stracciatella 250g","REWE Beste Wahl","4337256153140","0.65","250g (1 kg = 2,60 €)","Käse, Eier & Molkerei","False","https://img.rewe-static.de/0112352/27406308_digital-image.png"
"Weihenstephan Butter 250g","Weihenstephan","4008452010222","3.79","250g (1 kg = 15,16 €)","Käse, Eier & Molkerei","False","https://img.rewe-static.de/5005051/24074982_digital-image.png"
"Weihenstephan Frischer Joghurt mild 500g","Weihenstephan","4008452011007","1.39","500g (1 kg = 2,78 €)","Käse, Eier & Molkerei","False","https://img.rewe-static.de/3079120/35879709_digital-image.png"
"Zott Zottarella Classic 250g","Zott","4014500234915","2.99","250g (1 kg = 11,96 €)","Käse, Eier & Molkerei","False","https://img.rewe-static.de/6387764/8979180_digital-image.png"
"Alpro Skyr-Alternative Vanille vegan 400g","Alpro","5411188128601","1.99","400g (1 kg = 4,98 €)","Käse, Eier & Molkerei","False","https://img.rewe-static.de/8089133/33917640_digital-image.png"
"Deli Reform Margarine 500g","Deli Reform","40264769","2.19","500g (1 kg = 4,38 €)","Käse, Eier & Molkerei","False","https://img.rewe-static.de/4531922/3726870_digital-image.png"
"Müller Müllermilch Weiße Schoko-Macadamia 400ml","Müller","42456971","0.79","400ml (1 l = 1,98 €)","Käse, Eier & Molkerei","True","https://img.rewe-static.de/7571727/43861014_digital-image.png"
"Zott Monte Schoko 6x55g","Monte","4014500036878","2.29","6x55g (1 kg = 6,94 €)","Käse, Eier & Molkerei","False","https://img.rewe-static.de/0185811/31836134_digital-image.png"
"REWE Feine Welt Feta Lesbos 200g","REWE Feine Welt","4337256345729","2.89","200g (1 kg = 14,45 €)","Käse, Eier & Molkerei","False","https://img.rewe-static.de/7857173/34306815_digital-image.png"
"Alpro Joghurtalternative Soja Natur vegan 400g","Alpro","5411188137979","1.99","400g (1 kg = 4,98 €)","Käse, Eier & Molkerei","False","https://img.rewe-static.de/7681825/39314906_digital-image.png"
"Bärenmarke Die haltbare Alpenmilch 1,5% 1l","Bärenmarke","4045317058258","1.69","1l","Käse, Eier & Molkerei","False","https://img.rewe-static.de/0993577/7983490_digital-image.png"
"Müller Müllermilch Schoko 500ml","Müller","40255903","0.79","500ml (1 l = 1,58 €)","Käse, Eier & Molkerei","True","https://img.rewe-static.de/4531582/2655320_digital-image.png"
"REWE Feine Welt Tête de Moine Aop Hartkäse 100g","REWE Feine Welt","4337256760737","3.99","100g (1 kg = 39,90 €)","Käse, Eier & Molkerei","False","https://img.rewe-static.de/9031136/42772189_digital-image.png"
"Danone Fruchtzwerge Banane, Erdbeere, Aprikose 6x50g","Fruchtzwerge","4009700035783","2.39","6x50g (1 kg = 7,97 €)","Käse, Eier & Molkerei","False","https://img.rewe-static.de/4526449/26066269_digital-image.png"
"Frischkäse mit roten Zwiebeln & Porree","NA","2727240000000","1.49","1 Stück ca. 100 g (1 kg = 14,90 €)","Käse, Eier & Molkerei","True","https://img.rewe-static.de/8910904/33122310_digital-image.png"
"REWE Feine Welt Crème Brûlée 100g","REWE Feine Welt","4337256787673","1.29","100g (1 kg = 12,90 €)","Käse, Eier & Molkerei","False","https://img.rewe-static.de/0851277/4963670_digital-image.png"
"Dr. Oetker Paula Pudding Vanille mit Schoko-Flecken 4x125g","Dr. Oetker","4023600015539","1.99","4x125g (1 kg = 3,98 €)","Käse, Eier & Molkerei","False","https://img.rewe-static.de/5016541/35120136_digital-image.png"
"Rougette Ofenkäse cremig-mild 320g","Rougette","4000504176627","5.99","320g (1 kg = 18,72 €)","Käse, Eier & Molkerei","False","https://img.rewe-static.de/1131869/10136140_digital-image.png"
"vly Erbsen-Drink High Protein vegan 1l","vly","4280001939400","1.99","1l","Käse, Eier & Molkerei","True","https://img.rewe-static.de/7701741/42684119_digital-image.png"
"Alt-Mecklenburger Tilsiter 175g","Alt-Mecklenburger","4388844032545","3.49","175g (1 kg = 19,94 €)","Käse, Eier & Molkerei","False","https://img.rewe-static.de/1072294/13426430_digital-image.png"
"Dr. Oetker Paula Pudding Minis Vanille mit Schoko 8x50g","Dr. Oetker","4023600015447","1.99","8x50g (1 kg = 4,98 €)","Käse, Eier & Molkerei","False","https://img.rewe-static.de/8534653/32388926_digital-image.png"
"Vantastic Yeast Flakes Hefeflocken vegan 200g","Vantastic Foods","4260661092356","3.79","200g","Käse, Eier & Molkerei","False","https://img.rewe-static.de/9100649/43644776_digital-image.png"
"Le Gruyére 120g","NA","4388844252479","3.79","120g (1 kg = 31,58 €)","Käse, Eier & Molkerei","False","https://img.rewe-static.de/2843593/41638283_digital-image.png"
"Müller Grießpudding Kirsche 160g","Müller","42263692","0.89","160g (1 kg = 5,56 €)","Käse, Eier & Molkerei","False","https://img.rewe-static.de/2294647/23473947_digital-image.png"
"Dr. Oetker High Protein Latte Macchiato Style 250ml","Dr. Oetker","4023600016482","1.89","250ml (1 l = 7,56 €)","Käse, Eier & Molkerei","False","https://img.rewe-static.de/7647989/41087152_digital-image.png"
"Müller Joghurt mit der Ecke Erdbeere 150g","Müller","42109860","0.89","150g (1 kg = 5,93 €)","Käse, Eier & Molkerei","False","https://img.rewe-static.de/1492314/1378100_digital-image.png"
"Müller Joghurt mit der Ecke Kirsche 150g","Müller","42108832","0.89","150g (1 kg = 5,93 €)","Käse, Eier & Molkerei","False","https://img.rewe-static.de/1492292/8513200_digital-image.png"
"Géramont Weichkäse 100g","Géramont","3161710000722","2.19","1 Stück ca. 100 g (1 kg = 21,90 €)","Käse, Eier & Molkerei","False","https://img.rewe-static.de/4511468/39081105_digital-image.png"
"Starbucks Cappuccino Eiskaffee 220ml","Starbucks","5711953023972","2.49","220ml (1 l = 11,32 €)","Käse, Eier & Molkerei","False","https://img.rewe-static.de/2503682/40601565_digital-image.png"
"Laru Griebenschmalz 150g","Laru","40309712","1.69","150g (1 kg = 11,27 €)","Käse, Eier & Molkerei","False","https://img.rewe-static.de/2948582/27014861_digital-image.png"
"Zuivelhoeve Vla-Genuss Duo-Vla Vanille-Schokolade 200g","Zuivelhoeve","8711399013107","0.99","200g (1 kg = 4,95 €)","Käse, Eier & Molkerei","False","https://img.rewe-static.de/0901509/7397670_digital-image.png"
"Dr. Oetker High Protein Caramel Macchiato Style 250ml","Dr. Oetker","4023600016468","1.89","250ml (1 l = 7,56 €)","Käse, Eier & Molkerei","False","https://img.rewe-static.de/7647073/41087178_digital-image.png"
"Lünebest Haselnuss-Joghurt 150g","Lünebest","4003490055747","0.65","150g (1 kg = 4,33 €)","Käse, Eier & Molkerei","False","https://img.rewe-static.de/4956133/2437340_digital-image.png"
"Alpro Soja-Dessert Feine Vanille vegan 4x125g","Alpro","5411188128113","2.09","4x125g (1 kg = 4,18 €)","Käse, Eier & Molkerei","False","https://img.rewe-static.de/9263616/22401406_digital-image.png"
"Alpro Soja-Dessert Schokolade Mildfein vegan 4x125g","Alpro","5411188128137","2.09","4x125g (1 kg = 4,18 €)","Käse, Eier & Molkerei","False","https://img.rewe-static.de/9263837/2112690_digital-image.png"
"REWE to go Frühstücksmüsli Beeren mit Honig Knuspermüsli High Protein 255g","REWE to go","42228738","2.19","255g (1 kg = 8,59 €)","Käse, Eier & Molkerei","False","https://img.rewe-static.de/8716728/35525200_digital-image.png"
"Tilsiter Scheiben frisch verpackt 80g","NA","4388844202818","1.29","80g (1 kg = 16,13 €)","Käse, Eier & Molkerei","False","https://img.rewe-static.de/2621929/25976703_digital-image.png"
"Der Grüne Altenburger Ziegen-Frischkäse Natur 150g","Der grüne Altenburger","4042089001659","2.99","150g (1 kg = 19,93 €)","Käse, Eier & Molkerei","False","https://img.rewe-static.de/7008968/26548422_digital-image.png"
"Zott Sahne Joghurt Pflaume-Zimt 150g","Zott","4014500025001","0.89","150g (1 kg = 5,93 €)","Käse, Eier & Molkerei","False","https://img.rewe-static.de/2091453/24382433_digital-image.png"
"Osterland Götterspeise Waldmeister 140g","Osterland","40466491","0.49","140g (1 kg = 3,50 €)","Käse, Eier & Molkerei","False","https://img.rewe-static.de/8934093/39138136_digital-image.png"
"Gouda mittelalt 80g","NA","4388844202641","1.39","80g (1 kg = 17,38 €)","Käse, Eier & Molkerei","False","https://img.rewe-static.de/2621876/25976707_digital-image.png"
"Rewe Regional Frische Vollmilch 1,5% 1l","REWE Regional","4337256209441","1.19","1l","Käse, Eier & Molkerei","False","https://img.rewe-static.de/7254871/28250760_digital-image.png"
"Zott Sahnejoghurt Gebrannte Mandel 150g","Zott","4014500511290","0.89","150g (1 kg = 5,93 €)","Käse, Eier & Molkerei","False","https://img.rewe-static.de/2606134/25677726_digital-image.png"
"REWE to go Cheesecake Dessert Kirsch-Schoko 180g","REWE to go","42484400","2.19","180g","Käse, Eier & Molkerei","False","https://img.rewe-static.de/7573452/45056839_digital-image.png"
"Milram Erdbeer-Drink Moin Erdbeere 500ml","Milram","4036300044792","0.89","500ml (1 l = 1,78 €)","Käse, Eier & Molkerei","False","https://img.rewe-static.de/0680269/7397050_digital-image.png"
"Bresso Frischkäse Der Cremige 150g","Bresso","4045357007100","2.39","150g (1 kg = 15,93 €)","Käse, Eier & Molkerei","False","https://img.rewe-static.de/2793368/25257552_digital-image.png"
"Leerdammer Feine Scheiben nussig 100g","Leerdammer","8721800401676","2.89","100g (1 kg = 28,90 €)","Käse, Eier & Molkerei","False","https://img.rewe-static.de/8851744/37657942_digital-image.png"
"Hansano Frische Weidemilch 3,9% 0,5l","Hansano","4016241015259","0.99","0,50l (1 l = 1,98 €)","Käse, Eier & Molkerei","False","https://img.rewe-static.de/2282424/23106191_digital-image.png"
"Societe Roquefort am Stück","NA","3023260001119","4.49","1 Stück ca. 150 g (1 kg = 29,90 €)","Käse, Eier & Molkerei","False","https://img.rewe-static.de/9691707/2325970_digital-image.png"
"Montagnolo Affiné am Stück","Montagnolo","4000504069622","5.58","1 Stück ca. 200 g (1 kg = 27,90 €)","Käse, Eier & Molkerei","False","https://img.rewe-static.de/6397557/23534084_digital-image.png"
"Holstein Eier Freilandhaltung 6 Stück","NA","4016184006000","2.59","6 Stück","Käse, Eier & Molkerei","False","https://img.rewe-static.de/1192729/30828174_digital-image.png"
"Milram Burlander würzig-mild 175g","Milram","4388844032811","3.29","175g (1 kg = 18,80 €)","Käse, Eier & Molkerei","False","https://img.rewe-static.de/1073274/8783660_digital-image.png"
"Kid'sworld Schoko-Vanille Puddingdessert mit Überraschungsfigur 70g","NA","8595588204107","0.89","70g (1 kg = 12,71 €)","Käse, Eier & Molkerei","False","https://img.rewe-static.de/2519833/27823572_digital-image.png"
"Nordsee Käserei Marienburger Schnittkäse","NA","4262414731079","1.99","1 Stück ca. 100 g (1 kg = 19,90 €)","Käse, Eier & Molkerei","False","https://img.rewe-static.de/8947181/39839765_digital-image.png"
"Grünländer Käsewürfel mild & nussig 140g","Grünländer","4002468229128","1.59","140g (1 kg = 11,36 €)","Käse, Eier & Molkerei","True","https://img.rewe-static.de/9906081/47715537_digital-image.png"
"REWE Bio Parmigiano Reggiano 150g","REWE Bio","4337256885812","4.19","150g (1 kg = 27,93 €)","Käse, Eier & Molkerei","False","https://img.rewe-static.de/8683343/36219151_digital-image.png"
"Grünländer Käse in Scheiben cremig 140g","Grünländer","4002468228862","1.59","140g (1 kg = 11,36 €)","Käse, Eier & Molkerei","True","https://img.rewe-static.de/9898720/47788842_digital-image.png"
"REWE Bio Joghurt mild fettarm 500g","REWE Bio","4337256865371","1.15","500g (1 kg = 2,30 €)","Käse, Eier & Molkerei","False","https://img.rewe-static.de/0194194/774100_digital-image.png"
"Grünländer Scheiben Chili & Paprika 140g","Grünländer","4002468228893","1.59","140g (1 kg = 11,36 €)","Käse, Eier & Molkerei","True","https://img.rewe-static.de/9905953/47788836_digital-image.png"
"Grünländer Scheiben Würzig 140g","Grünländer","4002468228855","1.59","140g (1 kg = 11,36 €)","Käse, Eier & Molkerei","True","https://img.rewe-static.de/8160753/47788853_digital-image.png"
"REWE Feine Welt Parmigiano Reggiano 150g","REWE Feine Welt","21646027","3.99","150g (1 kg = 26,60 €)","Käse, Eier & Molkerei","False","https://img.rewe-static.de/2540069/24469539_digital-image.png"
"Alsan-S Reform-Margarine 250g","Alsan","4002724000997","1.29","250g (1 kg = 5,16 €)","Käse, Eier & Molkerei","False","https://img.rewe-static.de/5727928/2446870_digital-image.png"
"REWE Bio Joghurt Schoko-Splits 150g","REWE Bio","4337256387170","0.49","150g (1 kg = 3,27 €)","Käse, Eier & Molkerei","True","https://img.rewe-static.de/0784744/5300520_digital-image.png"
"Milram Reibekäse Pizzaliebe 150g","Milram","4036300152701","2.69","150g (1 kg = 17,93 €)","Käse, Eier & Molkerei","False","https://img.rewe-static.de/8571083/32742305_digital-image.png"
"REWE Bio Joghurt Mild 0,1% 500g","REWE Bio","4337256853026","0.95","500g (1 kg = 1,90 €)","Käse, Eier & Molkerei","False","https://img.rewe-static.de/7210751/28720272_digital-image.png"
"Oatly Haferdrink Vanille vegan 1l","Oatly","7394376619267","2.19","1l","Käse, Eier & Molkerei","False","https://img.rewe-static.de/7864118/33955887_digital-image.png"
"REWE Bio Joghurt mild mit Heidelbeere-Cassis 500g","REWE Bio","4337256881425","1.79","500g (1 kg = 3,58 €)","Käse, Eier & Molkerei","False","https://img.rewe-static.de/8055541/31563795_digital-image.png"
"REWE Bio + vegan Soja Natur 500g","REWE Bio","4337256871631","1.39","500g (1 kg = 2,78 €)","Käse, Eier & Molkerei","False","https://img.rewe-static.de/7147843/27961327_digital-image.png"
"REWE Feine Welt Vintage Cheddar 200g","REWE Feine Welt","4337256397025","3.99","200g (1 kg = 19,95 €)","Käse, Eier & Molkerei","False","https://img.rewe-static.de/7033129/26700267_digital-image.png"
"REWE Beste Wahl Frische Eier aus Freilandhaltung 6 Stück","REWE Beste Wahl","4337256892834","2.09","6 Stück","Käse, Eier & Molkerei","False","https://img.rewe-static.de/9952769/46463578_digital-image.png"
"Oatly Haferdrink Voll Hafer 2,8% Fett 1l","Oatly","7394376620744","2.19","1l","Käse, Eier & Molkerei","False","https://img.rewe-static.de/8904538/38955558_digital-image.png"
"Oatly Haferdrink Hafer Deluxe gekühlt vegan 1l","Oatly","7394376665103","2.19","1l","Käse, Eier & Molkerei","False","https://img.rewe-static.de/8013720/30511388_digital-image.png"
"Oatly Aufstrich Natur 150g","Oatly","7394376617034","1.99","150g (1 kg = 13,27 €)","Käse, Eier & Molkerei","False","https://img.rewe-static.de/8401689/30646087_digital-image.png"
"Oatly Haferdrink Barista Edition vegan 0,5l","Oatly","7394376617904","1.69","500ml (1 l = 3,38 €)","Käse, Eier & Molkerei","False","https://img.rewe-static.de/8453898/31308474_digital-image.png"
"REWE Beste Wahl Sahnepudding Schokolade 150g","REWE Beste Wahl","4337256825580","0.75","150g (1 kg = 5 €)","Käse, Eier & Molkerei","False","https://img.rewe-static.de/9088477/44574709_digital-image.png"
"Loose Hausmacher Handkäse mit Kümmel 200g","Loose","40436012","2.99","200g (1 kg = 14,95 €)","Käse, Eier & Molkerei","False","https://img.rewe-static.de/4972635/4774850_digital-image.png"
"Oatly! Haferdrink Barista Edition Lighter Taste 1l","Oatly","7394376621703","2.55","1l","Käse, Eier & Molkerei","False","https://img.rewe-static.de/9971910/44382001_digital-image.png"
"REWE Beste Wahl Sahnepudding Vanille 150g","REWE Beste Wahl","4337256824606","0.75","150g (1 kg = 5 €)","Käse, Eier & Molkerei","False","https://img.rewe-static.de/7582979/44574828_digital-image.png"
"Rougette Mein Ofenkäse Tex-Mex-Style 180g","Rougette","4000504170441","2.22","180g (1 kg = 12,33 €)","Käse, Eier & Molkerei","True","https://img.rewe-static.de/9087590/41447026_digital-image.png"
"Alpro Soja-Drink Protein vegan 1l","Alpro","5411188130031","2.49","1l","Käse, Eier & Molkerei","False","https://img.rewe-static.de/8383461/30944116_digital-image.png"
"REWE Feine Welt Manchego Curado aus Schafmilch 175g","REWE Feine Welt","4337256899703","4.99","175g (1 kg = 28,51 €)","Käse, Eier & Molkerei","False","https://img.rewe-static.de/9952235/46844499_digital-image.png"
"REWE Feine Welt Creme au Chocolat 2x100g","REWE Feine Welt","4337256504485","1.39","2x100g (1 kg = 6,95 €)","Käse, Eier & Molkerei","False","https://img.rewe-static.de/0715170/4969670_digital-image.png"
"Bergader Almzeit cremig-mild 150g","Bergader","4006402038531","1.99","150g (1 kg = 13,27 €)","Käse, Eier & Molkerei","False","https://img.rewe-static.de/8051040/39952137_digital-image.png"
"ESN Designer Protein Bar Fudge Brownie 45g","ESN","4250519647890","2.29","45g (1 kg = 50,89 €)","Käse, Eier & Molkerei","False","https://img.rewe-static.de/8499868/33970669_digital-image.png"
"Danone Activia Heidelbeere 4x115g","Activia","4009700037022","2.69","4x115g (1 kg = 5,85 €)","Käse, Eier & Molkerei","False","https://img.rewe-static.de/7218337/27594191_digital-image.png"
"Bertolli Brotaufstrich mit mildem Olivenöl 250g","Bertolli","8719200264618","1.79","250g (1 kg = 7,16 €)","Käse, Eier & Molkerei","False","https://img.rewe-static.de/4942531/43494715_digital-image.png"
"REWE Beste Wahl Joghurt mild Vanille 150g","REWE Beste Wahl","4337256561228","0.35","150g (1 kg = 2,33 €)","Käse, Eier & Molkerei","False","https://img.rewe-static.de/0112441/19147880_digital-image.png"
"REWE Bio Kefir Drink Pfirsich-Mango-Maracuja 500g","REWE Bio","4337256656757","1.19","500g (1 kg = 2,38 €)","Käse, Eier & Molkerei","False","https://img.rewe-static.de/7672023/42081063_digital-image.png"
"ESN Designer Bar Almond Coconut 45g","ESN","4250519646510","2.29","45g (1 kg = 50,89 €)","Käse, Eier & Molkerei","False","https://img.rewe-static.de/3679333/34256433_digital-image.png"
"Marca Italia Hartkäse gerieben und getrocknet 80g","Marca Italia","8006207000333","1.19","80g (1 kg = 14,88 €)","Käse, Eier & Molkerei","False","https://img.rewe-static.de/8248259/29495133_digital-image.png"
"REWE Bio Ziegenkäse mild 120g","REWE Bio","4337256453394","3.39","120g (1 kg = 28,25 €)","Käse, Eier & Molkerei","False","https://img.rewe-static.de/8222704/41638648_digital-image.png"
"ESN Designer Bar Peanut Caramel 45g","ESN","4250519646534","2.29","45g (1 kg = 50,89 €)","Käse, Eier & Molkerei","False","https://img.rewe-static.de/8767204/34029276_digital-image.png"
"REWE Bio Kefir Zitrone 500g","REWE Bio","4337256638869","1.19","500g (1 kg = 2,38 €)","Käse, Eier & Molkerei","False","https://img.rewe-static.de/8946651/42310295_digital-image.png"
"Müller Müllermilch High Protein Schoko 400ml","Müller","42454144","1.69","400ml (1 l = 4,23 €)","Käse, Eier & Molkerei","False","https://img.rewe-static.de/9026724/42310146_digital-image.png"
"Wilhelm Brandenburg Apfel-Griebenschmalz 125g","Wilhelm Brandenburg","4337256808729","1.59","125g (1 kg = 12,72 €)","Käse, Eier & Molkerei","False","https://img.rewe-static.de/2522781/24336040_digital-image.png"
"Müller High Protein Pudding Schoko 20g","Müller","4025500294342","1.39","200g (1 kg = 6,95 €)","Käse, Eier & Molkerei","False","https://img.rewe-static.de/8162934/47171387_digital-image.png"
"ESN Designer Protein Bar Dark Cookie 45g","ESN","4250519668222","2.29","45g (1 kg = 50,89 €)","Käse, Eier & Molkerei","False","https://img.rewe-static.de/9932196/46936898_digital-image.png"
"ESN Designer Protein Bar Cinnamon Cereal 45g","ESN","4250519672892","2.29","45g (1 kg = 50,89 €)","Käse, Eier & Molkerei","False","https://img.rewe-static.de/8166216/47172599_digital-image.png"
"Müller Schoko Mousse vegan 2x70g","Müller","4025500275211","1.89","2x70g (1 kg = 13,50 €)","Käse, Eier & Molkerei","False","https://img.rewe-static.de/8894880/36859550_digital-image.png"
"yfood Trinkmahlzeit Apple Cinnamon 500ml","yfood","4260556635552","2.99","500ml (1 l = 5,98 €)","Käse, Eier & Molkerei","True","https://img.rewe-static.de/7567580/42207105_digital-image.png"
"Mövenpick Feinjoghurt Typ Tiramisu 150g","Mövenpick","4002334117849","0.99","150g (1 kg = 6,60 €)","Käse, Eier & Molkerei","False","https://img.rewe-static.de/9939283/46624596_digital-image.png"
"Sojola Streichfett 70% 500g","Sojola","4039400221629","2.19","500g (1 kg = 4,38 €)","Käse, Eier & Molkerei","False","https://img.rewe-static.de/7391811/1027130_digital-image.png"
"Violife Cheddar Geschmack Scheiben 140g","Violife","5202390030888","2.49","140g (1 kg = 17,79 €)","Käse, Eier & Molkerei","False","https://img.rewe-static.de/3020757/31677808_digital-image.png"
"Eleplant Streichfett vegan 200g","NA","4026400200990","1.99","200g (1 kg = 9,95 €)","Käse, Eier & Molkerei","False","https://img.rewe-static.de/7632817/41413137_digital-image.png"
"Müller Müllermilch High Protein Kaffee 400ml","Müller","42454083","1.69","400ml (1 l = 4,23 €)","Käse, Eier & Molkerei","False","https://img.rewe-static.de/7621576/42310202_digital-image.png"
"Wilhelm Brandenburg Hausmacher Griebenschmalz 125g","Wilhelm Brandenburg","4337256820479","1.59","125g (1 kg = 12,72 €)","Käse, Eier & Molkerei","False","https://img.rewe-static.de/8212153/28776794_digital-image.png"
"Seitenbacher Riegel Energie Bombe 50g","Seitenbacher","4008391212695","1.99","50g (1 kg = 39,80 €)","Käse, Eier & Molkerei","False","https://img.rewe-static.de/2618508/1052580_digital-image.png"
"Müller Milch High Protein Banane 400ml","Müller","42454113","1.69","400ml (1 l = 4,23 €)","Käse, Eier & Molkerei","False","https://img.rewe-static.de/9026731/42310163_digital-image.png"
"Mövenpick Mousse Schoko 80g","Mövenpick","4002334117917","0.99","80g (1 kg = 12,38 €)","Käse, Eier & Molkerei","False","https://img.rewe-static.de/9930900/45756277_digital-image.png"
"Müller Fruchtbuttermilch Rote Johannisbeere 500g","Müller","4025500288693","1.29","500g (1 kg = 2,58 €)","Käse, Eier & Molkerei","False","https://img.rewe-static.de/7621098/42310369_digital-image.png"
"Mondarella Pastasan Hartkäse-Style vegan 80g","Mondarella","4260710350383","2.89","80g (1 kg = 36,13 €)","Käse, Eier & Molkerei","False","https://img.rewe-static.de/7573996/43963621_digital-image.png"
"Sanella Streichfett 250g","Sanella","8719200292758","1.29","250g (1 kg = 5,16 €)","Käse, Eier & Molkerei","False","https://img.rewe-static.de/9942425/45709134_digital-image.png"
"St. Albray Weichkäse am Stück","Saint Albray","2127860000006","6.48","1 Stück ca. 250 g (1 kg = 25,90 €)","Käse, Eier & Molkerei","False","https://img.rewe-static.de/4529308/41339708_digital-image.png"
"Hemme Milch Fassbutter 200g","Hemme Milch","4260046692072","3.49","200g (1 kg = 17,45 €)","Käse, Eier & Molkerei","False","https://img.rewe-static.de/0695000/23474029_digital-image.png"
"Marca Italia Parmigiano Reggiano Italienischer Hartkäse am Stück","Marca Italia","2138420000008","5.98","1 Stück ca. 200 g (1 kg = 29,90 €)","Käse, Eier & Molkerei","False","https://img.rewe-static.de/3856445/1041420_digital-image.png"
"ESN Designer Whey Protein Vanilla Milk 300g","ESN","4250519665580","14.99","300g (1 kg = 49,97 €)","Käse, Eier & Molkerei","False","https://img.rewe-static.de/7587073/44319809_digital-image.png"
"Cookie Bros Keksteig zum Naschen Chocolate Chip 160g","Cookie Bros.","4260611590000","2.99","160g (1 kg = 18,69 €)","Käse, Eier & Molkerei","False","https://img.rewe-static.de/3447397/28600205_digital-image.png"
"Danone Fruchtzwerge Apfel Banane Karotte 6x50g","Danone","4009700045522","2.39","6x50g (1 kg = 7,97 €)","Käse, Eier & Molkerei","False","https://img.rewe-static.de/9967692/46238479_digital-image.png"
"Philadelphia Joghurt Balance 175g","Philadelphia","7622300318154","2.19","175g (1 kg = 12,51 €)","Käse, Eier & Molkerei","False","https://img.rewe-static.de/0575057/1527500_digital-image.png"
"Landliebe Joghurt mit Haselnuss 500g","Landliebe","4067517001605","2.19","500g (1 kg = 4,38 €)","Käse, Eier & Molkerei","False","https://img.rewe-static.de/9612084/23364618_digital-image.png"
"Müller Müllermilch High Protein Mango 400ml","Müller","42456025","1.69","400ml (1 l = 4,23 €)","Käse, Eier & Molkerei","False","https://img.rewe-static.de/7622585/42310237_digital-image.png"
"Starbucks Chilled Coffee Blissful Retreat 220ml","Starbucks","5711953192920","2.49","220ml (1 l = 11,32 €)","Käse, Eier & Molkerei","False","https://img.rewe-static.de/9896257/47522316_digital-image.png"
"Starbucks No Added Sugar Eiskaffee 220ml","Starbucks","5760466995856","2.49","220ml (1 l = 11,32 €)","Käse, Eier & Molkerei","False","https://img.rewe-static.de/3274235/40880930_digital-image.png"
"ESN Whey Protein Milk Chocolate 300g","ESN","4250519665559","14.99","300g (1 kg = 49,97 €)","Käse, Eier & Molkerei","False","https://img.rewe-static.de/9178470/44319689_digital-image.png"
"Müller Fruchtbuttermilch Mango 500g","Müller","4025500288051","1.29","500g (1 kg = 2,58 €)","Käse, Eier & Molkerei","False","https://img.rewe-static.de/7623391/42389312_digital-image.png"
"Milram Milchreis pur 1kg","Milram","4008435300500","2.49","1g","Käse, Eier & Molkerei","False","https://img.rewe-static.de/5096367/3541370_digital-image.png"
"Patros Natur pflanzlich 150g","Patros","4002468223454","2.99","150g (1 kg = 19,93 €)","Käse, Eier & Molkerei","False","https://img.rewe-static.de/9940564/46080207_digital-image.png"
"More Chunky Flavour Fudge Brownie 90g","NA","4260644048158","9.99","90g (1 kg = 111 €)","Käse, Eier & Molkerei","False","https://img.rewe-static.de/9083895/44492022_digital-image.png"
"Holland Master Belle Blanche Ziege in Scheiben","Frico","2127370000008","1.99","1 Stück ca. 100 g (1 kg = 19,90 €)","Käse, Eier & Molkerei","False","https://img.rewe-static.de/8008230/24117766_digital-image.png"
"Castello Dofino Rahmkäse Dill 160g","Castello","4388844116016","2.89","160g (1 kg = 18,06 €)","Käse, Eier & Molkerei","False","https://img.rewe-static.de/1910618/25976404_digital-image.png"
"Hamfelder Hof Bio Bioland Frische Vollmilch 1l","Hamfelder Hof","4056479182002","1.79","1l","Käse, Eier & Molkerei","False","https://img.rewe-static.de/3581534/41019307_digital-image.png"
"Harzbube Handkäse mit Edelschimmel 200g","Harzbube","41058961","2.99","200g (1 kg = 14,95 €)","Käse, Eier & Molkerei","False","https://img.rewe-static.de/7739850/6751660_digital-image.png"
"Bergader Weichkäse Lottes Liebling cremig-mild","Bergader","4006402102492","1.59","1 Stück ca. 100 g (1 kg = 15,90 €)","Käse, Eier & Molkerei","False","https://img.rewe-static.de/9926013/46904722_digital-image.png"
"ESN Oatbar Crunchy Yoghurt 100g","ESN","4250519660288","2.39","100g (1 kg = 23,90 €)","Käse, Eier & Molkerei","False","https://img.rewe-static.de/7603254/43843380_digital-image.png"
"Fage Joghurt Total 2% Fett 170g","Fage","5201054016657","1.55","170g (1 kg = 9,12 €)","Käse, Eier & Molkerei","False","https://img.rewe-static.de/7184807/28593660_digital-image.png"
"Alpro Sojadessertsoße Vanille 525g","Alpro","5411188128977","1.99","525g","Käse, Eier & Molkerei","False","https://img.rewe-static.de/8755548/44364076_digital-image.png"
"ESN Pure Creatine Pulver Monohydrate 250g","ESN","4250519652078","13.99","250g (1 kg = 55,96 €)","Käse, Eier & Molkerei","False","https://img.rewe-static.de/8723945/35813439_digital-image.png"
"Schwarzwaldmilch LAC Joghurt Griechischer Art Himbeere-Granatapfel lactosefrei 150g","Schwarzwaldmilch","4046700015933","0.95","150g","Käse, Eier & Molkerei","False","https://img.rewe-static.de/7603018/42443954_digital-image.png"
"ESN Isoclear Protein Clear Drink Lemon Iced Tea 500ml","ESN","4250519661513","3.99","500ml (1 l = 7,98 €)","Käse, Eier & Molkerei","False","https://img.rewe-static.de/9038629/44010086_digital-image.png"
"Müller Fruchbuttermilch Ananas mit Kokos abgerundet 500g","Müller","4025500288075","1.29","500g (1 kg = 2,58 €)","Käse, Eier & Molkerei","False","https://img.rewe-static.de/9029187/42389286_digital-image.png"
"Beemster Beemsdammer","Beemster","2756500000009","1.79","1 Stück ca. 100 g (1 kg = 17,90 €)","Käse, Eier & Molkerei","False","https://img.rewe-static.de/8575122/34583282_digital-image.png"
"ESN Isoclear Peach Iced Tea 300g","ESN","4250519666099","19.99","300g (1 kg = 66,63 €)","Käse, Eier & Molkerei","False","https://img.rewe-static.de/9083975/44076645_digital-image.png"
"More Proteinpulver Choco Brownie 360g","NA","4255719302549","19.99","360g (1 kg = 55,53 €)","Käse, Eier & Molkerei","False","https://img.rewe-static.de/9081689/44319551_digital-image.png"
"Beemster Bio Mild Scheiben 125g","Beemster","8712243015643","1.89","125g (1 kg = 15,12 €)","Käse, Eier & Molkerei","True","https://img.rewe-static.de/8984378/41070191_digital-image.png"
"Müller Milchreis Beeren Mix 200g","Müller","4025500294960","0.99","200g (1 kg = 4,95 €)","Käse, Eier & Molkerei","False","https://img.rewe-static.de/9951454/46625210_digital-image.png"
"ESN Isoclear Protein Clear Drink Fresh Cherry 500ml","ESN","4250519661506","3.99","500ml (1 l = 7,98 €)","Käse, Eier & Molkerei","False","https://img.rewe-static.de/9036019/43151294_digital-image.png"
"Schwarwaldmilch LAC Joghurt Griechischer Art Maracuja-Zitronengras 150g","Schwarzwaldmilch","4046700015926","0.95","150g","Käse, Eier & Molkerei","False","https://img.rewe-static.de/9057509/42443949_digital-image.png"
"REWE Beste Wahl Schoko Dessertsauce 200ml","REWE Beste Wahl","4337256836203","1.59","200ml","Käse, Eier & Molkerei","False","https://img.rewe-static.de/9097479/46532648_digital-image.png"
"Rougette Weichkäse","Rougette","4000504413036","2.69","1 Stück ca. 100 g (1 kg = 26,90 €)","Käse, Eier & Molkerei","False","https://img.rewe-static.de/1119567/45430385_digital-image.png"
"REWE Feine Welt Comte am Stück 15 Monate gereift 170g","REWE Feine Welt","4337256863339","3.99","170g (1 kg = 23,47 €)","Käse, Eier & Molkerei","False","https://img.rewe-static.de/9992853/46936873_digital-image.png"
"Zum Dorfkrug Pflaumengrütze vegan 360g","Zum Dorfkrug","4260054650477","2.49","360g (1 kg = 6,92 €)","Käse, Eier & Molkerei","False","https://img.rewe-static.de/7954265/33292058_digital-image.png"
"ESN Proteinpulver Coffee Flexpresso 300g","ESN","4250519665603","17.99","300g (1 kg = 59,97 €)","Käse, Eier & Molkerei","False","https://img.rewe-static.de/9181480/44007368_digital-image.png"
"JUST FOOD Trinkmahlzeit Cookie 500ml","Just Food","4025500295059","3.99","500ml (1 l = 7,98 €)","Käse, Eier & Molkerei","False","https://img.rewe-static.de/9923347/47455031_digital-image.png"
"Veganz Bio Protein Choc Bar vegan 50g","Veganz","4251725800666","1.99","50g (1 kg = 39,80 €)","Käse, Eier & Molkerei","False","https://img.rewe-static.de/8182629/28766746_digital-image.png"
"REWE to go Dessert Cheesecake Baubeere 180g","REWE to go","42015611","2.19","180g (1 kg = 12,17 €)","Käse, Eier & Molkerei","False","https://img.rewe-static.de/8967457/40886800_digital-image.png"
"JUST FOOD Trinkmahlzeit Schoko 500ml","Just Food","4025500294915","3.99","500ml (1 l = 7,98 €)","Käse, Eier & Molkerei","False","https://img.rewe-static.de/9916340/46741395_digital-image.png"
"ESN Iscolear Green Apple 300g","ESN","4250519666112","19.99","300g (1 kg = 66,63 €)","Käse, Eier & Molkerei","False","https://img.rewe-static.de/7587674/44230780_digital-image.png"
"REWE Beste Wahl Dessertsauce Erdbeere 200ml","REWE Beste Wahl","4337256837064","1.59","200ml","Käse, Eier & Molkerei","False","https://img.rewe-static.de/9098095/46532638_digital-image.png"
"Laru Gänseschmalz mit Schweineschmalz 150g","Laru","40309736","2.49","150g (1 kg = 16,60 €)","Käse, Eier & Molkerei","False","https://img.rewe-static.de/7079514/27014864_digital-image.png"
"Vanozza Mozzarella Geschmack vegan 160g","NA","4170000102366","2.99","160g (1 kg = 18,69 €)","Käse, Eier & Molkerei","False","https://img.rewe-static.de/7660548/41810402_digital-image.png"
"Cookie Bros Keksteig Classic 160g","Cookie Bros.","4260611590277","2.99","160g (1 kg = 18,69 €)","Käse, Eier & Molkerei","False","https://img.rewe-static.de/3545684/29732817_digital-image.png"
"The Vegan Cow Bio Joghurtalternative Hafer Natur ungesüßt vegan 150g","NA","4260289420418","1.59","150g (1 kg = 10,60 €)","Käse, Eier & Molkerei","False","https://img.rewe-static.de/8402377/30639623_digital-image.png"
"ESN Whey Protein Stracciatella 300g","ESN","4250519665566","14.99","300g (1 kg = 49,97 €)","Käse, Eier & Molkerei","False","https://img.rewe-static.de/9079771/44076677_digital-image.png"
"JUST FOOD Trinkmahlzeit Banane 500ml","Just Food","4025500295035","3.99","500ml (1 l = 7,98 €)","Käse, Eier & Molkerei","False","https://img.rewe-static.de/9923143/46741394_digital-image.png"
"Vanozza No Sheep Greek vegan 150g","NA","4270004203530","2.99","150g (1 kg = 19,93 €)","Käse, Eier & Molkerei","False","https://img.rewe-static.de/9970131/45924920_digital-image.png"
"Hamfelder Hof Bio fettarme Milch 1,5% 1l","Hamfelder Hof","4056479183108","1.69","1l","Käse, Eier & Molkerei","False","https://img.rewe-static.de/2595076/27067211_digital-image.png"
"Rücker Alter Schwede zum Streichen 160g","Rücker","4008960222919","2.49","160g (1 kg = 15,56 €)","Käse, Eier & Molkerei","False","https://img.rewe-static.de/8464233/31501876_digital-image.png"
"Ruwisch & Zuck Schnittkäse Junge Hexe","Ruwisch & Zuck Die Käsespezialisten GmbH & Co. KG","2162430000000","2.99","1 Stück ca. 100 g (1 kg = 29,90 €)","Käse, Eier & Molkerei","False","https://img.rewe-static.de/9088567/43325148_digital-image.png"
"ESN Designer Whey Protein Strawberry Cream 300g","ESN","4250519665573","14.99","300g (1 kg = 49,97 €)","Käse, Eier & Molkerei","False","https://img.rewe-static.de/7587672/44094274_digital-image.png"
"More Clear Protein Peach Passionfruit Iced Tea 300g","NA","4255719301641","19.99","300g (1 kg = 66,63 €)","Käse, Eier & Molkerei","False","https://img.rewe-static.de/7585587/44491454_digital-image.png"
"More Chunky Flavour Salted Caramel vegan 90g","NA","4255719302402","9.99","90g (1 kg = 111 €)","Käse, Eier & Molkerei","False","https://img.rewe-static.de/9082197/44490249_digital-image.png"
"Söbbeke Bio Grienken Schmied Schnittkäse 150g","Söbbeke Pauls Biomolkerei","4008471512646","4.49","150g (1 kg = 29,93 €)","Käse, Eier & Molkerei","False","https://img.rewe-static.de/8268853/31812551_digital-image.png"
"Baldauf Senner Zitronenpfeffer","Baldauf","2738680000000","3.49","1 Stück ca. 100 g (1 kg = 34,90 €)","Käse, Eier & Molkerei","False","https://img.rewe-static.de/2694623/28217882_digital-image.png"
"Dr. Oetker Paula Shake Schokolade 180ml","Dr. Oetker","4023600017472","0.99","180ml (1 l = 5,50 €)","Käse, Eier & Molkerei","False","https://img.rewe-static.de/7564029/45712071_digital-image.png"
"Rawbite Bio The Organic Fruit & Nut Bite Coconut 50g","Rawbite","5712840020036","1.99","50g (1 kg = 39,80 €)","Käse, Eier & Molkerei","False","https://img.rewe-static.de/1941004/25071604_digital-image.png"
"vly Joghurtalternative Stracciatella vegan 400g","vly","4262426520258","1.89","400g (1 kg = 4,73 €)","Käse, Eier & Molkerei","False","https://img.rewe-static.de/9081659/43616287_digital-image.png"
"ESN Designer Vegan Protein Cinnamon Cereal vegan 280g","ESN","4250519667881","14.99","280g (1 kg = 53,54 €)","Käse, Eier & Molkerei","False","https://img.rewe-static.de/9082777/44577894_digital-image.png"
"Söbbeke Bio Schnittkäse Zarte Butterhexe 125g","Söbbeke Pauls Biomolkerei","4008471514534","3.29","125g","Käse, Eier & Molkerei","False","https://img.rewe-static.de/9970082/46625384_digital-image.png"
"MinusL Feta Athentikos laktosefrei 48% 150g","MinusL","4062800008064","4.19","150g (1 kg = 27,93 €)","Käse, Eier & Molkerei","False","https://img.rewe-static.de/1216487/29678785_digital-image.png"
"Seitenbacher Protein-Riegel 60g","Seitenbacher","4008391213869","1.99","60g (1 kg = 33,17 €)","Käse, Eier & Molkerei","False","https://img.rewe-static.de/0935408/24052962_digital-image.png"
"Seitenbacher Protein-Riegel Schoko 60g","Seitenbacher","4008391213807","1.99","60g (1 kg = 33,17 €)","Käse, Eier & Molkerei","False","https://img.rewe-static.de/2498238/24949633_digital-image.png"
"Chocomel Schokomilch 0,25l","Chocomel","4040600134305","1.09","250ml (1 l = 4,36 €)","Käse, Eier & Molkerei","False","https://img.rewe-static.de/8688536/35712390_digital-image.png"
"ESN Designer Milky Chocolate Protein vegan 280g","ESN","4250519667867","14.99","280g","Käse, Eier & Molkerei","False","https://img.rewe-static.de/9079778/44714499_digital-image.png"
"Imlig Rotwildkäse","NA","7640179460149","2.99","1 Stück ca. 100 g (1 kg = 29,90 €)","Käse, Eier & Molkerei","False","https://img.rewe-static.de/8322587/31800123_digital-image.png"
"bedda Scheiben Pfeffer vegan 150g","bedda","4056924002220","2.79","150g (1 kg = 18,60 €)","Käse, Eier & Molkerei","False","https://img.rewe-static.de/8087488/29259348_digital-image.png"
"Dr. Oetker Paula Shake Vanille 180ml","Dr. Oetker","4023600017496","0.99","180ml (1 l = 5,50 €)","Käse, Eier & Molkerei","False","https://img.rewe-static.de/9117131/45717156_digital-image.png"
"Rocka Nutrition No Whey Bar Chocolate Strawberry Crisp vegan 50g","Rocka Nutrition","4251105517245","2.49","50g (1 kg = 49,80 €)","Käse, Eier & Molkerei","False","https://img.rewe-static.de/7810848/36720996_digital-image.png"
"Rocka Nutrition No Whey Bar White Hazelnut Nougat vegan 35g","Rocka Nutrition","4251105519447","2.29","35g","Käse, Eier & Molkerei","False","https://img.rewe-static.de/7638029/44414936_digital-image.png"
"Velfrisk Danbo Schnittkäse Natur leicht","NA","2786780000000","2.09","1 Stück ca. 100 g (1 kg = 20,90 €)","Käse, Eier & Molkerei","False","https://img.rewe-static.de/7162416/27314839_digital-image.png"
"Käsehof Zauberkäse","NA","2749350000008","3.19","1 Stück ca. 100 g (1 kg = 31,90 €)","Käse, Eier & Molkerei","False","https://img.rewe-static.de/8350170/30483899_digital-image.png"
"Milch-Schnitte Milch-Creme 28g","NA","40084725","0.29","28g (1 kg = 10,36 €)","Käse, Eier & Molkerei","False","https://img.rewe-static.de/4591364/8122460_digital-image.png"
"Rocka Nutrition No Whey Bar Crispy Nougat vegan 50g","Rocka Nutrition","4251105517696","2.49","50g (1 kg = 49,80 €)","Käse, Eier & Molkerei","False","https://img.rewe-static.de/7741363/39683256_digital-image.png"
"Rocka Nutrition Smack Tastic Pulver Banana Chocolate Split 90g","Rocka Nutrition","4251105513759","7.99","90g (1 kg = 88,78 €)","Käse, Eier & Molkerei","False","https://img.rewe-static.de/8616193/33605150_digital-image.png"
"Tilsiter Extra 1893 Hartkäse","Holtseer Tilsiter","2784640000009","2.99","1 Stück ca. 100 g (1 kg = 29,90 €)","Käse, Eier & Molkerei","False","https://img.rewe-static.de/9991995/44830561_digital-image.png"
"yfood Trinkmahlzeit Roasted Almond 500ml","yfood","4260556637945","2.99","500ml (1 l = 5,98 €)","Käse, Eier & Molkerei","False","https://img.rewe-static.de/9118379/44033722_digital-image.png"
"ja! Markenbutter mild gesäuert 250g","ja!","4337256635646","2.19","250g (1 kg = 8,76 €)","Käse, Eier & Molkerei","False","https://img.rewe-static.de/5883121/5412060_digital-image.png"
"ja! Frische Eier aus Bodenhaltung 10 Stück","ja!","4337256224918","1.99","10 Stück","Käse, Eier & Molkerei","False","https://img.rewe-static.de/7937888/32330762_digital-image.png"
"ja! H-Milch 1,5% 1l","ja!","4337256215442","0.99","1l","Käse, Eier & Molkerei","False","https://img.rewe-static.de/3070776/26121034_digital-image.png"
"ja! Schmand 200g","ja!","4337256439954","0.99","200g (1 kg = 4,95 €)","Käse, Eier & Molkerei","False","https://img.rewe-static.de/8187819/30965665_digital-image.png"
"ja! Reibekäse leicht 30% Fett 250g","ja!","4337256731744","1.99","250g (1 kg = 7,96 €)","Käse, Eier & Molkerei","False","https://img.rewe-static.de/8433245/31275557_digital-image.png"
"ja! Butterkäse 400g","ja!","4337256588164","2.99","400g (1 kg = 7,48 €)","Käse, Eier & Molkerei","False","https://img.rewe-static.de/2057494/22001044_digital-image.png"
"Ja! Crème leicht 14,5% Fett 200g","ja!","4337256068628","1.09","200g (1 kg = 5,45 €)","Käse, Eier & Molkerei","False","https://img.rewe-static.de/8443313/31612365_digital-image.png"
"ja! Gouda jung 48% Fett 400g","ja!","4337256596961","2.99","400g (1 kg = 7,48 €)","Käse, Eier & Molkerei","False","https://img.rewe-static.de/6337279/3559990_digital-image.png"
"ja! Frischkäse Natur Doppelrahmstufe 300g","ja!","4337256535557","1.59","300g (1 kg = 5,30 €)","Käse, Eier & Molkerei","False","https://img.rewe-static.de/2421597/24081603_digital-image.png"
"ja! Mozzarella 125g","ja!","4337256775762","0.85","125g (1 kg = 6,80 €)","Käse, Eier & Molkerei","False","https://img.rewe-static.de/8434947/31917443_digital-image.png"
"ja! Schlagsahne 200g","ja!","4337256244572","1.09","200g (1 kg = 5,45 €)","Käse, Eier & Molkerei","False","https://img.rewe-static.de/0064840/2327450_digital-image.png"
"ja! Frische Vollmilch 3,5% 1l","ja!","4337256291910","1.09","1l","Käse, Eier & Molkerei","False","https://img.rewe-static.de/2865690/25483483_digital-image.png"
"ja! Geriebener Gouda 48% Fett 250g","ja!","4337256407670","1.99","250g (1 kg = 7,96 €)","Käse, Eier & Molkerei","False","https://img.rewe-static.de/8426184/31369024_digital-image.png"
"ja! Mini Mozzarella 125g","ja!","4337256774895","1.29","125g (1 kg = 10,32 €)","Käse, Eier & Molkerei","False","https://img.rewe-static.de/8066826/30617932_digital-image.png"
"ja! Mozzarella light 125g","ja!","4337256433266","0.85","125g (1 kg = 6,80 €)","Käse, Eier & Molkerei","False","https://img.rewe-static.de/7801213/36351444_digital-image.png"
"ja! Frische fettarme Milch 1,5% 1l","ja!","4337256288279","0.99","1l","Käse, Eier & Molkerei","False","https://img.rewe-static.de/2865662/25483298_digital-image.png"
"ja! Kräuterquark leicht 200g","ja!","4337256778756","0.69","200g (1 kg = 3,45 €)","Käse, Eier & Molkerei","False","https://img.rewe-static.de/7994929/31627000_digital-image.png"
"ja! H-Schlagsahne 200g","ja!","4337256440172","1.09","200g (1 kg = 5,45 €)","Käse, Eier & Molkerei","False","https://img.rewe-static.de/8292479/34663519_digital-image.png"
"ja! Streichgut ungesalzen 250g","ja!","4337256303934","1.95","250g (1 kg = 7,80 €)","Käse, Eier & Molkerei","False","https://img.rewe-static.de/2662082/24918926_digital-image.png"
"ja! Fettarmer Joghurt mild 1,5% Fett 500g","ja!","4337256539890","0.89","500g (1 kg = 1,78 €)","Käse, Eier & Molkerei","False","https://img.rewe-static.de/0754434/6006570_digital-image.png"
"ja! H-Milch 3,5% 1l","ja!","4337256213127","1.09","1l","Käse, Eier & Molkerei","False","https://img.rewe-static.de/3072549/26121037_digital-image.png"
"ja! Speisequark Magerstufe 500g","ja!","4337256501262","1.49","500g (1 kg = 2,98 €)","Käse, Eier & Molkerei","False","https://img.rewe-static.de/9393595/4744750_digital-image.png"
"ja! Geriebener Gratin- und Pizzakäse 250g","ja!","4337256473378","1.99","250g (1 kg = 7,96 €)","Käse, Eier & Molkerei","False","https://img.rewe-static.de/8426697/31369157_digital-image.png"
"ja! Crème Fraîche Classic 30% Fett 200g","ja!","4337256066570","1.09","200g (1 kg = 5,45 €)","Käse, Eier & Molkerei","False","https://img.rewe-static.de/8444108/31612353_digital-image.png"
"ja! Körniger Frischkäse Halbfettstufe 200g","ja!","4337256777872","0.99","200g (1 kg = 4,95 €)","Käse, Eier & Molkerei","False","https://img.rewe-static.de/7030814/26956653_digital-image.png"
"Ja! Crème Fraîche mit Kräutern 200g","ja!","4337256066792","1.09","200g (1 kg = 5,45 €)","Käse, Eier & Molkerei","False","https://img.rewe-static.de/8445118/31612174_digital-image.png"
"ja! Speisequark Magerstufe 250g","ja!","4337256181549","0.79","250g (1 kg = 3,16 €)","Käse, Eier & Molkerei","False","https://img.rewe-static.de/7915060/32493967_digital-image.png"
"ja! Gouda Holland jung am Stück 450g","ja!","4337256570145","3.79","450g (1 kg = 8,42 €)","Käse, Eier & Molkerei","False","https://img.rewe-static.de/2597847/26160542_digital-image.png"
"ja! Skyr Natur 500g","ja!","4337256169240","1.49","500g (1 kg = 2,98 €)","Käse, Eier & Molkerei","False","https://img.rewe-static.de/8245760/31282000_digital-image.png"
"ja! Milchreis Classic 200g","ja!","4337256770200","0.39","200g (1 kg = 1,95 €)","Käse, Eier & Molkerei","False","https://img.rewe-static.de/2062713/22297364_digital-image.png"
"ja! Streichgut gesalzen 250g","ja!","4337256724166","1.95","250g (1 kg = 7,80 €)","Käse, Eier & Molkerei","False","https://img.rewe-static.de/2662089/24918923_digital-image.png"
"ja! Tilsiter in Scheiben 400g","ja!","4337256608732","2.99","400g (1 kg = 7,48 €)","Käse, Eier & Molkerei","False","https://img.rewe-static.de/8055493/30961654_digital-image.png"
"ja! Französischer Weichkäse 200g","ja!","4337256772051","1.99","200g (1 kg = 9,95 €)","Käse, Eier & Molkerei","False","https://img.rewe-static.de/6980295/2006720_digital-image.png"
"ja! Schmelzkäse Zubereitung Kräuter 200g","ja!","4337256683623","1.69","200g","Käse, Eier & Molkerei","False","https://img.rewe-static.de/8976875/42185227_digital-image.png"
"ja! Fettarmer Joghurt 1,5% 150g","ja!","4337256871143","0.3","150g (1 kg = 2 €)","Käse, Eier & Molkerei","False","https://img.rewe-static.de/2282164/23183392_digital-image.png"
"ja! Cremiger Camembert 250g","ja!","4337256597050","2.59","250g (1 kg = 10,36 €)","Käse, Eier & Molkerei","False","https://img.rewe-static.de/8214642/28722124_digital-image.png"
"ja! Hirtenkäse 250g","ja!","4388844280564","1.89","250g (1 kg = 7,56 €)","Käse, Eier & Molkerei","False","https://img.rewe-static.de/2886776/25425358_digital-image.png"
"ja! Kräuterquark 200g","ja!","4337256060189","0.69","200g (1 kg = 3,45 €)","Käse, Eier & Molkerei","False","https://img.rewe-static.de/8444273/31627010_digital-image.png"
"ja! Vanille Granduett mit Sahne 190g","ja!","4337256717656","0.49","190g (1 kg = 2,58 €)","Käse, Eier & Molkerei","False","https://img.rewe-static.de/7728629/38428233_digital-image.png"
"ja! Käsesnack Gouda Maasdamer 220g","ja!","4388860614213","2.79","220g (1 kg = 12,68 €)","Käse, Eier & Molkerei","False","https://img.rewe-static.de/8291601/29520158_digital-image.png"
"ja! Camembert 125g","ja!","4337256773485","1.09","125g (1 kg = 8,72 €)","Käse, Eier & Molkerei","False","https://img.rewe-static.de/6780172/23586857_digital-image.png"
"ja! Joghurtdrink Vanille 500g","ja!","4337256662086","0.99","500g (1 kg = 1,98 €)","Käse, Eier & Molkerei","False","https://img.rewe-static.de/8960432/42389518_digital-image.png"
"ja! Fettarmer Joghurt mild Erdbeere 250g","ja!","4337256120975","0.59","250g (1 kg = 2,36 €)","Käse, Eier & Molkerei","False","https://img.rewe-static.de/2548477/24342860_digital-image.png"
"ja! Schmelzkäsescheiben mit Chester 250g","ja!","4337256524506","1.89","250g (1 kg = 7,56 €)","Käse, Eier & Molkerei","False","https://img.rewe-static.de/8135665/2902660_digital-image.png"
"ja! Aktiv Drink Multifrucht 8x100g","ja!","4337256551410","1.99","8x100g (1 kg = 2,49 €)","Käse, Eier & Molkerei","False","https://img.rewe-static.de/8868318/38493534_digital-image.png"
"ja! Fettarmer Joghurt mild Vanille 250g","ja!","4337256448727","0.59","250g (1 kg = 2,36 €)","Käse, Eier & Molkerei","False","https://img.rewe-static.de/0905164/8415010_digital-image.png"
"ja! Erdbeere Joghurt mild 1kg","ja!","4337256741200","2.49","1kg","Käse, Eier & Molkerei","False","https://img.rewe-static.de/8628156/33721554_digital-image.png"
"ja! Speisequark 20% Fett i. Tr. 250g","ja!","4337256512398","0.99","250g (1 kg = 3,96 €)","Käse, Eier & Molkerei","False","https://img.rewe-static.de/9393935/3873970_digital-image.png"
"ja! Edamer 400g","ja!","4337256831796","2.99","400g (1 kg = 7,48 €)","Käse, Eier & Molkerei","False","https://img.rewe-static.de/8876559/38586878_digital-image.png"
"ja! Mozzarella Maxi Rolle 330g","ja!","4337256753760","1.29","200g (1 kg = 6,45 €)","Käse, Eier & Molkerei","False","https://img.rewe-static.de/9027434/42663957_digital-image.png"
"ja! Mascarpone 250g","ja!","4337256737739","2.19","250g (1 kg = 8,76 €)","Käse, Eier & Molkerei","False","https://img.rewe-static.de/8155103/28132697_digital-image.png"
"ja! Emmentaler 250g","ja!","4337256613347","2.69","250g (1 kg = 10,76 €)","Käse, Eier & Molkerei","False","https://img.rewe-static.de/3016679/25856639_digital-image.png"
"ja! Schokodessert mit Sahne 200g","ja!","4337256772204","0.35","200g (1 kg = 1,75 €)","Käse, Eier & Molkerei","False","https://img.rewe-static.de/1063147/8491450_digital-image.png"
"ja! Schmelzkäsescheiben Holländer Art 250g","ja!","4337256539944","1.89","250g (1 kg = 7,56 €)","Käse, Eier & Molkerei","False","https://img.rewe-static.de/7126629/31575805_digital-image.png"
"ja! Weichkäse Blau-& Weissschimmel 200g","ja!","4337256655064","2.49","200g (1 kg = 12,45 €)","Käse, Eier & Molkerei","False","https://img.rewe-static.de/7668108/41155334_digital-image.png"
"ja! Ziegenweichkäserolle 180g","ja!","4337256470735","2.25","180g (1 kg = 12,50 €)","Käse, Eier & Molkerei","False","https://img.rewe-static.de/7782973/37273235_digital-image.png"
"ja! Feine Quarkcreme Erdbeer 200g","ja!","4337256483124","0.75","200g (1 kg = 3,75 €)","Käse, Eier & Molkerei","False","https://img.rewe-static.de/2253001/23304493_digital-image.png"
"ja! Feine Quarkcreme Kirsche 200g","ja!","4337256490450","0.75","200g (1 kg = 3,75 €)","Käse, Eier & Molkerei","False","https://img.rewe-static.de/2253002/23304372_digital-image.png"
"ja! Halbfettmargarine 500g","ja!","4337256671248","1.19","500g (1 kg = 2,38 €)","Käse, Eier & Molkerei","False","https://img.rewe-static.de/8964757/41155307_digital-image.png"
"ja! Reines Pflanzenfett 1kg","ja!","4337256395076","2.69","1000g","Käse, Eier & Molkerei","False","https://img.rewe-static.de/7049625/24412502_digital-image.png"
"ja! Handkäse im Edelschimmel 200g","ja!","4337256838825","1.89","200g (1 kg = 9,45 €)","Käse, Eier & Molkerei","False","https://img.rewe-static.de/8977621/41339719_digital-image.png"
"ja! Buttermilch Dessert Kirsch-Vanille 200g","ja!","4337256608206","0.59","200g (1 kg = 2,95 €)","Käse, Eier & Molkerei","False","https://img.rewe-static.de/8361351/30679348_digital-image.png"
"ja! Backcamembert mit Wild-Preiselbeerdip 350g","ja!","4337256205771","2.99","350g (1 kg = 8,54 €)","Käse, Eier & Molkerei","False","https://img.rewe-static.de/8543757/32777149_digital-image.png"
"ja! Latte Cappuccino 250ml","ja!","4337256185127","0.79","250ml (1 l = 3,16 €)","Käse, Eier & Molkerei","False","https://img.rewe-static.de/2464069/24508090_digital-image.png"
"ja! Kefir Natur 500g","ja!","4337256794312","0.89","500g (1 kg = 1,78 €)","Käse, Eier & Molkerei","False","https://img.rewe-static.de/9157630/43365255_digital-image.png"
"ja! Skyr Erdbeere 500g","ja!","4337256180689","1.69","500g (1 kg = 3,38 €)","Käse, Eier & Molkerei","False","https://img.rewe-static.de/7946352/32493696_digital-image.png"
"ja! Geriebener Mozzarella 250g","ja!","4337256475181","1.99","250g (1 kg = 7,96 €)","Käse, Eier & Molkerei","False","https://img.rewe-static.de/8439178/31917277_digital-image.png"
"ja! Skyr Himbeer-Cranberry 500g","ja!","4337256175784","1.69","500g (1 kg = 3,38 €)","Käse, Eier & Molkerei","False","https://img.rewe-static.de/7945054/32493691_digital-image.png"
"ja! Speisequark 250g","ja!","4337256506946","1.09","250g (1 kg = 4,36 €)","Käse, Eier & Molkerei","False","https://img.rewe-static.de/9394010/2273070_digital-image.png"
"ja! Geriebener Emmentaler 45% Fett 250g","ja!","4337256460897","1.99","250g (1 kg = 7,96 €)","Käse, Eier & Molkerei","False","https://img.rewe-static.de/8428056/31368927_digital-image.png"
"ja! Buttermilch Dessert Himbeer-Vanille 200g","ja!","4337256668040","0.59","200g","Käse, Eier & Molkerei","False","https://img.rewe-static.de/7665454/41655768_digital-image.png"
"ja! Vanille Joghurt mild 1kg","ja!","4337256738286","2.49","1kg","Käse, Eier & Molkerei","False","https://img.rewe-static.de/8626555/33721551_digital-image.png"
"ja! Vanilladessert mit Sahne 200g","ja!","4337256771498","0.35","200g (1 kg = 1,75 €)","Käse, Eier & Molkerei","False","https://img.rewe-static.de/1063151/8491420_digital-image.png"
"ja! Milchdrink Vanille 500ml","ja!","4337256656566","0.89","500ml (1 l = 1,78 €)","Käse, Eier & Molkerei","False","https://img.rewe-static.de/8947661/40362320_digital-image.png"
"ja! Käseaufschnitt 250g","ja!","4388844115927","1.99","250g (1 kg = 7,96 €)","Käse, Eier & Molkerei","False","https://img.rewe-static.de/7149379/3627470_digital-image.png"
"ja! Creme Kirsche 500g","ja!","4337256247658","1.49","500g (1 kg = 2,98 €)","Käse, Eier & Molkerei","False","https://img.rewe-static.de/8582061/33549386_digital-image.png"
"ja! Kräuter-Frischkäse 300g","ja!","4337256532501","1.59","300g (1 kg = 5,30 €)","Käse, Eier & Molkerei","False","https://img.rewe-static.de/2421604/24081805_digital-image.png"
"ja! Schmelzkäsescheiben Toast 250g","ja!","4337256534130","1.89","250g (1 kg = 7,56 €)","Käse, Eier & Molkerei","False","https://img.rewe-static.de/8231192/2087940_digital-image.png"
"ja! Reine Buttermilch 500g","ja!","4337256267397","0.59","500g (1 kg = 1,18 €)","Käse, Eier & Molkerei","False","https://img.rewe-static.de/5724546/2094960_digital-image.png"
"ja! Käseaufschnitt leicht 250g","ja!","4388844160163","1.99","250g (1 kg = 7,96 €)","Käse, Eier & Molkerei","False","https://img.rewe-static.de/2296035/23576896_digital-image.png"
"ja! Joghurt mild 3,5 % Fett 500g","ja!","4337256550963","0.99","500g (1 kg = 1,98 €)","Käse, Eier & Molkerei","False","https://img.rewe-static.de/8324448/29996242_digital-image.png"
"ja! Latte Macchiato 250ml","ja!","4337256188968","0.79","250ml (1 l = 3,16 €)","Käse, Eier & Molkerei","False","https://img.rewe-static.de/2462970/42716187_digital-image.png"
"ja! Saure Sahne 200g","ja!","4337256241212","0.79","200g (1 kg = 3,95 €)","Käse, Eier & Molkerei","False","https://img.rewe-static.de/4507940/2291960_digital-image.png"
"ja! Joghurt Griechischer Art Natur 4x150g","ja!","4337256468442","1.39","4x600g (1 kg = 2,32 €)","Käse, Eier & Molkerei","False","https://img.rewe-static.de/8514626/32493656_digital-image.png"
"ja! Latte Macchiato weniger süß 250ml","ja!","4337256555333","0.79","250ml (1 l = 3,16 €)","Käse, Eier & Molkerei","False","https://img.rewe-static.de/7722035/42716203_digital-image.png"
"ja! Sonnenblumenmargarine 500g","ja!","4337256382540","1.49","500g (1 kg = 2,98 €)","Käse, Eier & Molkerei","False","https://img.rewe-static.de/5805210/24446710_digital-image.png"
"ja! Vollmilch-Joghurt 4x150g","ja!","4337256810258","0.99","4x150g (1 kg = 1,65 €)","Käse, Eier & Molkerei","False","https://img.rewe-static.de/5880459/20466789_digital-image.png"
"ja! Sahne Pudding Schoko 200g","ja!","4337256542845","0.49","200g (1 kg = 2,45 €)","Käse, Eier & Molkerei","False","https://img.rewe-static.de/7938679/32493972_digital-image.png"
"ja! Joghurt Crisp Vanillejoghurt & Schokoperlen 175g","ja!","21430534","0.49","175g (1 kg = 2,80 €)","Käse, Eier & Molkerei","False","https://img.rewe-static.de/8374648/30679052_digital-image.png"
"ja! Pfirsich-Maracuja Joghurt mild 1kg","ja!","4337256727600","2.49","1kg","Käse, Eier & Molkerei","False","https://img.rewe-static.de/7877758/33721360_digital-image.png"
"ja! Sahnejoghurt nach griechischer Art 1kg","ja!","4337256642842","2.19","1g","Käse, Eier & Molkerei","False","https://img.rewe-static.de/8271521/29229931_digital-image.png"
"ja! Ofenkäse würzig 180g","ja!","4337256777940","2.29","180g (1 kg = 12,72 €)","Käse, Eier & Molkerei","False","https://img.rewe-static.de/2949713/25692534_digital-image.png"
"ja! Maasdamer 300g","ja!","4337256610445","2.59","300g (1 kg = 8,63 €)","Käse, Eier & Molkerei","False","https://img.rewe-static.de/6337295/6120160_digital-image.png"
"ja! Joghurt Crisp Bananenjoghurt & Schokoflakes 175g","ja!","21428821","0.49","175g (1 kg = 2,80 €)","Käse, Eier & Molkerei","False","https://img.rewe-static.de/8376341/30678898_digital-image.png"
"ja! Sahne Pudding Vanillegeschmack 200g","ja!","4337256542074","0.49","200g (1 kg = 2,45 €)","Käse, Eier & Molkerei","False","https://img.rewe-static.de/8529987/32493977_digital-image.png"
"ja! Fettarmer Joghurt mild Kirsche 250g","ja!","4337256123846","0.59","250g (1 kg = 2,36 €)","Käse, Eier & Molkerei","False","https://img.rewe-static.de/9707808/6151250_digital-image.png"
"ja! Skyr Bourbon-Vanille 500g","ja!","4337256182393","1.69","500g (1 kg = 3,38 €)","Käse, Eier & Molkerei","False","https://img.rewe-static.de/8521348/32493941_digital-image.png"
"ja! Gouda jung 250g","ja!","4337256660334","2.19","250g (1 kg = 8,76 €)","Käse, Eier & Molkerei","False","https://img.rewe-static.de/9026210/40362103_digital-image.png"
"ja! Milchreis Zimt 200g","ja!","4337256769167","0.39","200g (1 kg = 1,95 €)","Käse, Eier & Molkerei","False","https://img.rewe-static.de/2062711/22297102_digital-image.png"
"ja! Joghurt mild 0,1% 500g","ja!","4337256548199","0.89","500g (1 kg = 1,78 €)","Käse, Eier & Molkerei","False","https://img.rewe-static.de/0754432/6006560_digital-image.png"
"ja! Ziegenkäse in Scheiben Laktosefrei 150g","ja!","4337256355490","2.49","150g (1 kg = 16,60 €)","Käse, Eier & Molkerei","False","https://img.rewe-static.de/8078567/29577426_digital-image.png"
"ja! Schoko-Drink 0,5l","ja!","4337256148481","0.79","0,50l (1 l = 1,58 €)","Käse, Eier & Molkerei","False","https://img.rewe-static.de/8187916/2518840_digital-image.png"
"ja! Brie 200g","ja!","4337256600330","1.99","200g (1 kg = 9,95 €)","Käse, Eier & Molkerei","False","https://img.rewe-static.de/7156260/37861368_digital-image.png"
"ja! Milchreis Schoko 200g","ja!","4337256765183","0.39","200g (1 kg = 1,95 €)","Käse, Eier & Molkerei","False","https://img.rewe-static.de/8335581/30193752_digital-image.png"
"ja! Emmentaler am Stück 400g","ja!","4337256564861","3.79","400g (1 kg = 9,48 €)","Käse, Eier & Molkerei","False","https://img.rewe-static.de/3025313/25856630_digital-image.png"
"ja! Sahnekefir mild Pfirsich-Maracuja 250g","ja!","4337256710602","0.59","250g (1 kg = 2,36 €)","Käse, Eier & Molkerei","False","https://img.rewe-static.de/1074421/8626420_digital-image.png"
"ja! Feine Quarkcreme Pfirsich-Maracuja 200g","ja!","4337256490443","0.75","200g (1 kg = 3,75 €)","Käse, Eier & Molkerei","False","https://img.rewe-static.de/2253007/23304396_digital-image.png"
"ja! Cheddar in Scheiben 175g","ja!","4337256632331","2.29","175g (1 kg = 13,09 €)","Käse, Eier & Molkerei","False","https://img.rewe-static.de/8926272/39922955_digital-image.png"
"ja! Joghurtdrink Erdbeer 500g","ja!","4337256654654","0.99","500g (1 kg = 1,98 €)","Käse, Eier & Molkerei","False","https://img.rewe-static.de/7666614/40362166_digital-image.png"
"ja! Joghurtdrink Pfirsich-Maracuja 500g","ja!","4337256664035","0.99","500g (1 kg = 1,98 €)","Käse, Eier & Molkerei","False","https://img.rewe-static.de/9044730/42389524_digital-image.png"
"ja! Milchreis Kirsche 200g","ja!","4337256768085","0.39","200g (1 kg = 1,95 €)","Käse, Eier & Molkerei","False","https://img.rewe-static.de/8338376/30193527_digital-image.png"
"ja! entrahmte H-Milch 1l","ja!","4337256178563","0.99","1l","Käse, Eier & Molkerei","False","https://img.rewe-static.de/7981351/32477268_digital-image.png"
"ja! Atkivdrink Klassik 8x100g","ja!","4337256550970","1.99","8x100g (1 kg = 2,49 €)","Käse, Eier & Molkerei","False","https://img.rewe-static.de/8866512/38493469_digital-image.png"
"ja! Früchte Minis 6x60g","ja!","4337256596213","0.89","6x60g (1 kg = 2,47 €)","Käse, Eier & Molkerei","False","https://img.rewe-static.de/8905138/39493067_digital-image.png"
"ja! Gouda Holland mittelalt 450g","ja!","4337256559942","4.59","450g (1 kg = 10,20 €)","Käse, Eier & Molkerei","False","https://img.rewe-static.de/7718951/38401835_digital-image.png"
"ja! Joghurt-Erzeugnis griechischer Art 2% 1kg","ja!","4337256643269","2.19","1kg","Käse, Eier & Molkerei","False","https://img.rewe-static.de/7683149/39922929_digital-image.png"
"ja! Sprühsahne 250ml","ja!","4337256588867","2.19","250ml (1 l = 8,76 €)","Käse, Eier & Molkerei","False","https://img.rewe-static.de/8187959/7045890_digital-image.png"
"ja! Harzer Rolle 200g","ja!","4337256835886","1.89","200g (1 kg = 9,45 €)","Käse, Eier & Molkerei","False","https://img.rewe-static.de/7003736/26494044_digital-image.png"
"ja! Sprühsahne Fettreduziert 250ml","ja!","4337256682909","2.19","250ml (1 l = 8,76 €)","Käse, Eier & Molkerei","False","https://img.rewe-static.de/8531592/32493962_digital-image.png"
"ja! Milder Sahne Joghurt Pfirsich-Maracuja 150g","ja!","4337256769471","0.35","150g (1 kg = 2,33 €)","Käse, Eier & Molkerei","False","https://img.rewe-static.de/8101100/29150823_digital-image.png"
"ja! Milder Sahne Joghurt Erdbeere 150g","ja!","4337256772440","0.35","150g (1 kg = 2,33 €)","Käse, Eier & Molkerei","False","https://img.rewe-static.de/8106396/29150328_digital-image.png"
"ja! Bergkäse am Stück 250g","ja!","4337256101370","2.85","250g (1 kg = 11,40 €)","Käse, Eier & Molkerei","False","https://img.rewe-static.de/8053256/30281392_digital-image.png"
"ja! Latte Espresso 250ml","ja!","4337256187930","0.79","250ml (1 l = 3,16 €)","Käse, Eier & Molkerei","False","https://img.rewe-static.de/2464033/42715486_digital-image.png"
"ja! Milder Sahne Joghurt Kirsche 150g","ja!","4337256768443","0.35","150g (1 kg = 2,33 €)","Käse, Eier & Molkerei","False","https://img.rewe-static.de/8106898/29150593_digital-image.png"
"ja! Kräuterbutter 120g","ja!","4337256227230","1.49","6x20g (1 kg = 12,42 €)","Käse, Eier & Molkerei","False","https://img.rewe-static.de/7137268/27269619_digital-image.png"
"ja! Gouda mittelalt 300g","ja!","4337256620734","2.99","300g (1 kg = 9,97 €)","Käse, Eier & Molkerei","False","https://img.rewe-static.de/6337252/7177860_digital-image.png"
"ja! Fettarmer Joghurt mild Pfirsich-Mango 250g","ja!","4337256459532","0.59","250g (1 kg = 2,36 €)","Käse, Eier & Molkerei","False","https://img.rewe-static.de/9551450/24234051_digital-image.png"
"ja! Pflanzencreme 500ml","ja!","4337256758239","1.39","500ml (1 l = 2,78 €)","Käse, Eier & Molkerei","False","https://img.rewe-static.de/7163656/27683583_digital-image.png"
"ja! Buttermilch Dessert Zitrone-Limette 200g","ja!","4337256613637","0.59","200g (1 kg = 2,95 €)","Käse, Eier & Molkerei","False","https://img.rewe-static.de/8361052/30679173_digital-image.png"
"ja! Sahnekefir mild Heidelbeere 250g","ja!","4337256715263","0.59","250g (1 kg = 2,36 €)","Käse, Eier & Molkerei","False","https://img.rewe-static.de/1074428/8626570_digital-image.png"
"ja! Sahnekefir mild Kirsche 250g","ja!","4337256709248","0.59","250g (1 kg = 2,36 €)","Käse, Eier & Molkerei","False","https://img.rewe-static.de/1074426/8626500_digital-image.png"
"ja! Sahnekefir mild Erdbeere 250g","ja!","4337256713252","0.59","250g (1 kg = 2,36 €)","Käse, Eier & Molkerei","False","https://img.rewe-static.de/1074424/8626390_digital-image.png"
"REWE Beste Wahl Küchentücher 3x100 Blatt","REWE Beste Wahl","4337256814546","3.49","3x100 Stück","Küche & Haushalt","False","https://img.rewe-static.de/7753745/36884684_digital-image.png"
"Pril Spülmittel Original 675ml","Pril","4015200034294","1.75","675ml (1 l = 2,59 €)","Küche & Haushalt","False","https://img.rewe-static.de/7984180/31374456_digital-image.png"
"Fairy Handspülmittel Ultra Konzentrat Original 450ml","Fairy","8001090510327","1.49","450ml (1 l = 3,31 €)","Küche & Haushalt","False","https://img.rewe-static.de/3283767/32185347_digital-image.png"
"Softlan Ultra Windfrisch 1l, 45WL","Softlan","8718951581715","1.49","1l","Küche & Haushalt","False","https://img.rewe-static.de/8927314/39187445_digital-image.png"
"Softlan Ultra Weich & Mild mit Mandelmilch 1l, 45WL","Softlan","8718951580350","1.49","1l","Küche & Haushalt","False","https://img.rewe-static.de/8927217/39282312_digital-image.png"
"Lenor Universalwaschmittel Flüssig Aprilfrisch 1l 20WL","Lenor","8700216285452","5.19","1l","Küche & Haushalt","False","https://img.rewe-static.de/9146570/42403678_digital-image.png"
"Lenor Sensitiv Waschmittel All-in-1 Pods 363g 15WL","Lenor","8700216292535","5.19","363g (1 kg = 14,30 €)","Küche & Haushalt","False","https://img.rewe-static.de/9052358/42761348_digital-image.png"
"Softlan Ultra Traumfrisch 1l, 45WL","Softlan","8718951581869","1.49","1l","Küche & Haushalt","False","https://img.rewe-static.de/8926013/39124369_digital-image.png"
"Bref Backofen & Grill 500ml","Bref Power","4015000019040","3.59","500ml (1 l = 7,18 €)","Küche & Haushalt","False","https://img.rewe-static.de/0181013/5403740_digital-image.png"
"Zewa Wisch & Weg Original 4x45 Blatt","Zewa","7322540973297","2.49","4x45 Stück","Küche & Haushalt","True","https://img.rewe-static.de/7282457/27904441_digital-image.png"
"00 null null Power WC Aktiv Pulver 1kg","00 null null","5000204549256","3.75","1000g","Küche & Haushalt","False","https://img.rewe-static.de/0536847/7448180_digital-image.png"
"Weißer Riese Vollwaschmittel Megaperls 1,14kg, 19WL","Weißer Riese","4015200031743","4.49","1,14kg (1 kg = 3,94 €)","Küche & Haushalt","False","https://img.rewe-static.de/8915246/40067707_digital-image.png"
"Swiffer Staubmagnet Haushaltstücher 4 Stück","Swiffer","5410076541461","3.69","4 Stück","Küche & Haushalt","False","https://img.rewe-static.de/1281022/40363117_digital-image.png"
"Spee Colorwaschmittel Power Caps 216g, 18WL","Spee","4015200031521","4.49","216g (1 kg = 20,79 €)","Küche & Haushalt","False","https://img.rewe-static.de/8904688/38802581_digital-image.png"
"Lenor Weichspüler Orchidee & Vanille 800ml 32WL","Lenor","8700216283144","2.29","800ml (1 l = 2,86 €)","Küche & Haushalt","False","https://img.rewe-static.de/9052986/42345741_digital-image.png"
"Lenor Weichspüler Ariel Freshness Guard 800ml 32WL","Lenor","8700216283434","2.29","800ml (1 l = 2,86 €)","Küche & Haushalt","False","https://img.rewe-static.de/7609391/42760828_digital-image.png"
"Vernel Weichspüler Aromatherapie Traumhafte Lotusblüte 814ml 37WL","Vernel","4015200033563","1.99","814ml (1 l = 2,44 €)","Küche & Haushalt","False","https://img.rewe-static.de/7603044/43186741_digital-image.png"
"Softlan Ultra Weichspüler Bouquet Passion Rose 650ml 32WL","Softlan","8718951671508","1.49","650ml (1 l = 2,29 €)","Küche & Haushalt","False","https://img.rewe-static.de/9076682/43400212_digital-image.png"
"REWE Beste Wahl Gefrierbeutel 1l 20 Stück","REWE Beste Wahl","4337256191685","1.5","20 Stück","Küche & Haushalt","False","https://img.rewe-static.de/8532089/35114067_digital-image.png"
"Ajax Allzweckreiniger Lavendel & Magnolie 1l","Ajax","8718951330177","1.69","1l","Küche & Haushalt","False","https://img.rewe-static.de/8423203/31322461_digital-image.png"
"Vanish Oxi Action Powerweiss Fleckenentferner Pulver 550g","Vanish","4251758406811","5.99","550g (1 kg = 10,89 €)","Küche & Haushalt","False","https://img.rewe-static.de/8756149/35748085_digital-image.png"
"Vivess Pappbecher 0,2l 8 Stück","Vivess","4337256001755","1.99","8 Stück","Küche & Haushalt","False","https://img.rewe-static.de/8012963/31256635_digital-image.png"
"Vivess Isolierflasche 450ml rostfrei","Vivess","4388860587630","7.99","1 Stück","Küche & Haushalt","False","https://img.rewe-static.de/8271513/30559084_digital-image.png"
"Klax Destilliertes Wasser 5l","Klax","4002832001053","1.99","5l (1 l = 0,40 €)","Küche & Haushalt","False","https://img.rewe-static.de/5117526/6768550_digital-image.png"
"Vernel Weichspüler Frischer Morgen 858ml 39WL","Vernel","4015200033525","1.99","858ml (1 l = 2,32 €)","Küche & Haushalt","False","https://img.rewe-static.de/9055742/42558671_digital-image.png"
"REWE Beste Wahl Rohrreiniger Granulat 600g","REWE Beste Wahl","4337256389877","1.79","600g (1 kg = 2,98 €)","Küche & Haushalt","False","https://img.rewe-static.de/8692868/35706607_digital-image.png"
"Meister Proper Citrusfrische 1l","Meister Proper","8001090974112","1.89","1l","Küche & Haushalt","False","https://img.rewe-static.de/8681883/34822497_digital-image.png"
"Spee Colorwaschmittel Color Gel 990ml, 22WL","Spee","4015200030746","4.49","990ml (1 l = 4,54 €)","Küche & Haushalt","False","https://img.rewe-static.de/8905698/38626505_digital-image.png"
"Perwoll Feinwaschmittel Flüssig Renew Wolle & Feines 1,35l, 27WL","Perwoll","4015200033662","6.75","1,35l (1 l = 5 €)","Küche & Haushalt","False","https://img.rewe-static.de/7605569/42394644_digital-image.png"
"Toppits Zipper Allzweck-Beutel 3l, 8 Stück","Toppits","4008871209870","2.29","8 Stück","Küche & Haushalt","False","https://img.rewe-static.de/2383028/23889292_digital-image.png"
"Frosch Waschpulver Sensitiv Aloe Vera 1450g 22WL","Frosch","4001499960291","4.79","1450g (1 kg = 3,30 €)","Küche & Haushalt","False","https://img.rewe-static.de/8749861/36085719_digital-image.png"
"Persil Vollwaschmittel Sensitive Megaperls 1,04kg, 16WL","Persil","4015200033471","6.35","1,04kg (1 kg = 6,11 €)","Küche & Haushalt","False","https://img.rewe-static.de/9000919/41239427_digital-image.png"
"Persil Colorwaschmittel Megaperls 1,04kg, 16WL","Persil","4015200033488","6.35","1,04kg (1 kg = 6,11 €)","Küche & Haushalt","False","https://img.rewe-static.de/7639512/41239569_digital-image.png"
"Bref Power Ata Scheuer-Pulver 500g","Bref Power","4015000010320","1.99","500g (1 kg = 3,98 €)","Küche & Haushalt","False","https://img.rewe-static.de/0146404/2934740_digital-image.png"
"Sagrotan 2in1 Desinfektionstuch 40 Stück","Sagrotan","4002448122920","3.49","40 Stück","Küche & Haushalt","False","https://img.rewe-static.de/7240148/28766062_digital-image.png"
"Bref Power gegen Fett & Eingebranntes 750ml","Bref Power","4015000970921","2.75","750ml (1 l = 3,67 €)","Küche & Haushalt","False","https://img.rewe-static.de/8444342/32228916_digital-image.png"
"Ajax Allzweckreiniger Frischeduft 1l","Ajax","8714789952543","1.69","1l","Küche & Haushalt","False","https://img.rewe-static.de/2173759/25065004_digital-image.png"
"Weißer Riese Vollwaschmittel Gel 990ml, 22WL","Weißer Riese","4015200032177","4.49","990ml (1 l = 4,54 €)","Küche & Haushalt","False","https://img.rewe-static.de/8914047/38802583_digital-image.png"
"Frosch Universalreiniger Himbeer 750ml","Frosch","4001499947537","1.99","750ml (1 l = 2,65 €)","Küche & Haushalt","False","https://img.rewe-static.de/8123460/28654614_digital-image.png"
"Weißer Riese Colorwaschmittel Gel 990ml, 22WL","Weißer Riese","4015200031941","4.49","990ml (1 l = 4,54 €)","Küche & Haushalt","False","https://img.rewe-static.de/8909557/40067703_digital-image.png"
"REWE Beste Wahl Backofen- & Grill-Powerreiniger 4in1 500ml","REWE Beste Wahl","4337256685955","1.79","500ml (1 l = 3,58 €)","Küche & Haushalt","False","https://img.rewe-static.de/8978394/41493203_digital-image.png"
"abrazo CeraGlanz Glaskeramik 2 Stück","Abrazo","4003364506115","3.49","2 Stück","Küche & Haushalt","False","https://img.rewe-static.de/1384426/30132814_digital-image.png"
"Sil Fleckenspray 1-für-Alles 0,5l","Sil","4015000972062","2.99","500l (1 l = 5,98 €)","Küche & Haushalt","False","https://img.rewe-static.de/8522595/32524924_digital-image.png"
"Ariel Universalwaschmittel All-in-1 Pods 321g 15WL","Ariel","8700216240987","5.79","321g (1 kg = 18,04 €)","Küche & Haushalt","False","https://img.rewe-static.de/9054088/42761364_digital-image.png"
"Der General Universalreiniger Aloe Vera 750ml","Der General","4015000960830","1.99","750ml (1 l = 2,65 €)","Küche & Haushalt","False","https://img.rewe-static.de/2446387/24151511_digital-image.png"
"WC-Ente Frische Siegel Limone 36ml","WC-Ente","5000204339888","2.49","36ml (1 l = 69,17 €)","Küche & Haushalt","False","https://img.rewe-static.de/7605318/43166913_digital-image.png"
"Vivess Fingerfood Picker 48 Stück","Vivess","4337256544528","1.79","48 Stück","Küche & Haushalt","False","https://img.rewe-static.de/8301759/30001799_digital-image.png"
"Vivess Sicherheitsdosenöffner","Vivess","4388860588385","7.99","1 Stück","Küche & Haushalt","False","https://img.rewe-static.de/8099787/30004154_digital-image.png"
"Vivess Joghurt-Löffel 6 Stück","Vivess","4337256333238","2.79","6 Stück","Küche & Haushalt","False","https://img.rewe-static.de/8085079/30476356_digital-image.png"
"Vanish Teppich- und Polsterpflege Schaum 650ml","Vanish","4002448077640","5.99","650ml (1 l = 9,22 €)","Küche & Haushalt","False","https://img.rewe-static.de/2333000/23926173_digital-image.png"
"Melitta Filtertüten 1x4 Gourmet Intense 80 Stück","Melitta","4006508208814","2.99","80 Stück","Küche & Haushalt","False","https://img.rewe-static.de/1960747/22363444_digital-image.png"
"WC-Ente WC-Stein Nachfüller Frische Siegel Tropical Adventure 2x36ml","WC-Ente","5000204344578","3.99","2x36ml (1 l = 55,42 €)","Küche & Haushalt","False","https://img.rewe-static.de/9052561/43747727_digital-image.png"
"Heitmann Wäsche-Weiß 50g","Heitmann","4052400035126","1.19","50g (1 kg = 23,80 €)","Küche & Haushalt","False","https://img.rewe-static.de/7695144/3532670_digital-image.png"
"REWE Beste Wahl Weichspüler Frische Traum 1l","REWE Beste Wahl","4337256486934","1.25","1l","Küche & Haushalt","False","https://img.rewe-static.de/8674247/34912216_digital-image.png"
"Melitta Filtertüten 1x2 naturbraun 80 Stück","Melitta","4006508178087","2.49","80 Stück","Küche & Haushalt","False","https://img.rewe-static.de/5236770/7473040_digital-image.png"
"Sidol Universal-Entkalker 500ml","Sidol","4015000019033","3.59","500ml (1 l = 7,18 €)","Küche & Haushalt","False","https://img.rewe-static.de/0180971/5403580_digital-image.png"
"WC-Ente Total Aktiv Gel Ocean Wave 750ml","WC-Ente","5000204096675","2.29","750ml (1 l = 3,05 €)","Küche & Haushalt","False","https://img.rewe-static.de/8279965/29193310_digital-image.png"
"Sagrotan Allzweckreiniger Küche Spritzige Zitrone 750ml","Sagrotan","4251758404060","2.99","750ml (1 l = 3,99 €)","Küche & Haushalt","False","https://img.rewe-static.de/8485302/31811746_digital-image.png"
"Persil Colorwaschmittel Pulver 4,5kg 75WL","Persil","4015200034027","18.99","4,50kg (1 kg = 4,22 €)","Küche & Haushalt","False","https://img.rewe-static.de/9041918/42558761_digital-image.png"
"Frosch Essig-Reiniger 1l","Frosch","4001499960178","1.99","1l","Küche & Haushalt","False","https://img.rewe-static.de/3214992/26542172_digital-image.png"
"REWE Beste Wahl Farbfangtücher 24 Stück","REWE Beste Wahl","4337256359481","1.59","24 Stück","Küche & Haushalt","False","https://img.rewe-static.de/3199422/26512968_digital-image.png"
"natürlich ECO Recycling Küchentücher 3x160 Blatt","Natürlich","4337256530422","2.99","3x160 Stück","Küche & Haushalt","False","https://img.rewe-static.de/8846188/38760029_digital-image.png"
"Frosch Spiritus Glas-Reiniger Nachfüller 950ml","Frosch","4001499953958","2.69","950ml (1 l = 2,83 €)","Küche & Haushalt","False","https://img.rewe-static.de/7960525/32049988_digital-image.png"
"Finish Spezial Spülmaschinensalz 1,2kg","Finish","4002448046424","1.39","1,20kg (1 kg = 1,16 €)","Küche & Haushalt","False","https://img.rewe-static.de/0442852/1873480_digital-image.png"
"Vivess Dosenöffner","Vivess","8004627822009","5.99","1 Stück","Küche & Haushalt","False","https://img.rewe-static.de/8321372/30003208_digital-image.png"
"Sidolin Multi-Flächen Reiniger 500ml","Sidolin","4015000969741","1.99","500ml (1 l = 3,98 €)","Küche & Haushalt","False","https://img.rewe-static.de/8379077/30705131_digital-image.png"
"Lenor light Wäscheparfüm Frische Baumwollblüte 160g","Lenor","8006540923177","3.79","160g (1 kg = 23,69 €)","Küche & Haushalt","False","https://img.rewe-static.de/7654816/42633865_digital-image.png"
"WC Frisch WC Reiniger Gel Kraft Aktiv Ozeanfrische 750ml","WC Frisch","4015000973892","1.99","750ml (1 l = 2,65 €)","Küche & Haushalt","False","https://img.rewe-static.de/8745002/37588135_digital-image.png"
"Pril Spülmittel Sensitive Aloe Vera 450ml","Pril","4015200034331","1.75","450ml (1 l = 3,89 €)","Küche & Haushalt","False","https://img.rewe-static.de/7611146/42341215_digital-image.png"
"Lenor Weichspüler Aprilfrisch 950ml 38WL","Lenor","8700216283489","2.29","950ml (1 l = 2,41 €)","Küche & Haushalt","False","https://img.rewe-static.de/9051304/42345739_digital-image.png"
"Frosch WC-Reiniger Meeresmineralien 750ml","Frosch","4001499960963","2.39","750ml (1 l = 3,19 €)","Küche & Haushalt","False","https://img.rewe-static.de/8781882/37318646_digital-image.png"
"Vivess Schmutzradierer 3 Stück","Vivess","4388860551006","1.39","3 Stück","Küche & Haushalt","False","https://img.rewe-static.de/8191973/38934495_digital-image.png"
"Heitmann Pure Reine Citronensäure 350g","Heitmann","4062196082235","3.29","350g (1 kg = 9,40 €)","Küche & Haushalt","False","https://img.rewe-static.de/8407108/30676464_digital-image.png"
"WC Frisch Kraft-Aktiv Lemon 50g","WC Frisch","4015000969468","1.49","50g (1 kg = 29,80 €)","Küche & Haushalt","True","https://img.rewe-static.de/8034437/30578868_digital-image.png"
"natürlich ECO Colorwaschmittel Flüssig 1l 30WL","Natürlich","4337256426077","4.79","1,50l (1 l = 3,19 €)","Küche & Haushalt","False","https://img.rewe-static.de/7811696/37511415_digital-image.png"
"Spee Vollwaschmittel Power Caps Frische Kick 215g 18WL","Spee","4015200033655","4.49","216g (1 kg = 20,79 €)","Küche & Haushalt","False","https://img.rewe-static.de/9046724/42558785_digital-image.png"
"REWE Beste Wahl Duftmüllbeutel 50l 20 Stück","REWE Beste Wahl","4337256232494","1.99","20 Stück","Küche & Haushalt","False","https://img.rewe-static.de/7180092/28591870_digital-image.png"
"Finish Classic Geschirrreiniger Pulver 1,3 kg","Finish","4002448144717","5.49","1300g (1 kg = 4,22 €)","Küche & Haushalt","False","https://img.rewe-static.de/8400691/30705240_digital-image.png"
"ja! Servietten Denim Blue 30 Stück","NA","4337256052870","0.85","30 Stück","Küche & Haushalt","False","https://img.rewe-static.de/8437615/36094494_digital-image.png"
"Swirl Reißfest und Dicht Tragegriff 35l, 15 Stück","Swirl","4008871215659","2.59","15 Stück","Küche & Haushalt","False","https://img.rewe-static.de/7271767/27775708_digital-image.png"
"Finish Glanz- & Klarspüler 800 ml","Finish","4251758419781","2.79","800ml (1 l = 3,49 €)","Küche & Haushalt","False","https://img.rewe-static.de/8791362/36987182_digital-image.png"
"Heitmann Pure Reine Citronensäure flüssig 500ml","Heitmann","4062196082884","3.29","500ml (1 l = 6,58 €)","Küche & Haushalt","False","https://img.rewe-static.de/8405606/30826620_digital-image.png"
"Ariel Universalwaschmittel All-in-1 Pods 813,2g 38WL","Ariel","8700216240741","11.99","813,20g (1 kg = 14,74 €)","Küche & Haushalt","False","https://img.rewe-static.de/9049783/42761421_digital-image.png"
"Lenor Weichspüler Konzentrat Aprilfrisch Flasche - 1.7L - 68WL","Lenor","8700216283250","3.99","1700ml (1 l = 2,35 €)","Küche & Haushalt","False","https://img.rewe-static.de/9150320/42364783_digital-image.png"
"Vivess Gewürzstreuer zum Befüllen","Vivess","4388860683660","1.99","1 Stück","Küche & Haushalt","False","https://img.rewe-static.de/8322498/30558839_digital-image.png"
"Viss Bad & Dusche Kraft + Glanz 750ml","Viss","8720182315182","2.79","750ml (1 l = 3,72 €)","Küche & Haushalt","False","https://img.rewe-static.de/7820215/35556753_digital-image.png"
"Pril Spülmittel Kraft Gel Ultra Plus 450ml","Pril","4015200034201","1.75","450ml (1 l = 3,89 €)","Küche & Haushalt","False","https://img.rewe-static.de/8432265/30954941_digital-image.png"
"Softlan Ultra Weichspüler Vanille & Orchidee 1l, 45WL","Softlan","8718951580329","1.49","1l","Küche & Haushalt","False","https://img.rewe-static.de/8998610/39187463_digital-image.png"
"Persil Vollwaschmittel Universal Kraft-Gel 900ml, 20WL","Persil","4015200031545","6.35","900ml (1 l = 7,06 €)","Küche & Haushalt","False","https://img.rewe-static.de/8914463/39280053_digital-image.png"
"Zewa Wisch & Weg Limited Edition 2x72 Blatt","Zewa","7322541458960","2.49","2x72 Stück","Küche & Haushalt","True","https://img.rewe-static.de/8683432/35096000_digital-image.png"
"Frosch Sensitiv-Waschmittel Flüssig Aloe Vera 1,44l 24WL","Frosch","4001499966637","4.79","1,44l (1 l = 3,33 €)","Küche & Haushalt","False","https://img.rewe-static.de/7588221/43547568_digital-image.png"
"Lenor Sensitiv Waschmittel Flüssig 1l 20WL","Lenor","8700216285179","5.19","1l","Küche & Haushalt","False","https://img.rewe-static.de/7603786/42760789_digital-image.png"
"Lenor Colorwaschmittel All-in-1 Pods 301g, 15WL","Lenor","8700216292528","5.19","301g (1 kg = 17,24 €)","Küche & Haushalt","False","https://img.rewe-static.de/9051553/42761395_digital-image.png"
"Lenor Colorwaschmittel Flüssig Amethyst Blütentraum 1l, 20WL","Lenor","8700216285537","5.19","1l","Küche & Haushalt","False","https://img.rewe-static.de/7606772/42364758_digital-image.png"
"Lenor Universalwaschmittel All-in-1 Pods Aprilfrisch 301g 15WL","Lenor","8700216292474","5.19","301g (1 kg = 17,24 €)","Küche & Haushalt","False","https://img.rewe-static.de/9050951/42761352_digital-image.png"
"Lenor Weichspüler Orange & Verbene 800ml 32WL","Lenor","8700216283090","2.29","800ml (1 l = 2,86 €)","Küche & Haushalt","False","https://img.rewe-static.de/9050196/42761409_digital-image.png"
"Spee Colorwaschmittel Flüssig Blütenfrische 990ml 22WL","Spee","4015200033815","4.49","990ml (1 l = 4,54 €)","Küche & Haushalt","False","https://img.rewe-static.de/7608909/43395783_digital-image.png"
"Spee Colorwaschmittel Megaperls 1,14kg, 19WL","Spee","4015200032115","4.49","1,14kg (1 kg = 3,94 €)","Küche & Haushalt","False","https://img.rewe-static.de/8916132/39278765_digital-image.png"
"Sagrotan Bad-Reiniger Desinfektion Ozeanfrische 750ml","Sagrotan","4251758404107","2.99","750ml (1 l = 3,99 €)","Küche & Haushalt","False","https://img.rewe-static.de/8455101/32048840_digital-image.png"
"Lenor Pulver Vollwaschmittel schnell auflösend Aprilfrisch 1,2kg, 20WL","Lenor","8700216288255","5.19","1,20kg (1 kg = 4,33 €)","Küche & Haushalt","False","https://img.rewe-static.de/7545970/43242040_digital-image.png"
"Sagrotan Allzweck-Reiniger Frischetraum 1,5L","Sagrotan","4251758404183","2.99","1,50l (1 l = 1,99 €)","Küche & Haushalt","False","https://img.rewe-static.de/7968843/31834029_digital-image.png"
"Somat Excellence Premium 5in1 42 Spülmaschinentabs XXL 781,2g","Somat","4015200033891","9.45","781 Stück","Küche & Haushalt","False","https://img.rewe-static.de/7586628/43442279_digital-image.png"
"Toppits Back-Bögen 20 Stück","NA","4008871200372","3.49","20 Stück","Küche & Haushalt","False","https://img.rewe-static.de/0081826/2314850_digital-image.png"
"Dr. Beckmann Waschmaschinen Hygiene-Reiniger 250g","Dr. Beckmann","4008455047614","2.69","250g (1 kg = 10,76 €)","Küche & Haushalt","False","https://img.rewe-static.de/0895763/20787601_digital-image.png"
"Frosch Soda Allzweck-Reiniger 500ml","Frosch","4001499961502","2.29","500ml (1 l = 4,58 €)","Küche & Haushalt","False","https://img.rewe-static.de/2856468/23168710_digital-image.png"
"Domestos WC-Stein Power 5 Ocean 50g","Domestos","8720182894823","1.79","50g (1 kg = 35,80 €)","Küche & Haushalt","False","https://img.rewe-static.de/9982556/45231290_digital-image.png"
"REWE Beste Wahl Weichspüler Blüten Traum 1l","REWE Beste Wahl","4337256478052","1.25","1l","Küche & Haushalt","False","https://img.rewe-static.de/8671051/34863510_digital-image.png"
"Biff Hygiene Total 750ml","Biff","4015200034386","2.95","750ml (1 l = 3,93 €)","Küche & Haushalt","False","https://img.rewe-static.de/2845979/25476267_digital-image.png"
"DanKlorix Badreiniger mit Chlor 750ml","DanKlorix","8714789929415","2.45","750ml (1 l = 3,27 €)","Küche & Haushalt","False","https://img.rewe-static.de/2173793/22786551_digital-image.png"
"Melitta Filtertüten 1x4 naturbraun Aroma 80 Stück","Melitta","4006508206810","2.99","80 Stück","Küche & Haushalt","False","https://img.rewe-static.de/1371904/19997310_digital-image.png"
"Vivess Edelstahl Topfreiniger Extra Stark 3 Stück","Vivess","4337256038539","1.19","3 Stück","Küche & Haushalt","False","https://img.rewe-static.de/7987300/31627074_digital-image.png"
"Ajax Allzweckreiniger Frühlingsblumen 1l","Ajax","8714789952581","1.69","1l","Küche & Haushalt","False","https://img.rewe-static.de/2173757/22352769_digital-image.png"
"WC Frisch Kraft-Aktiv Türkis Meeresfrische 50g","WC Frisch","4015000969512","1.49","50g (1 kg = 29,80 €)","Küche & Haushalt","True","https://img.rewe-static.de/8379362/30643799_digital-image.png"
"00 null null WC AktivGel 4in1 Cool Arctic 750ml","00 null null","5000204096927","1.99","750ml (1 l = 2,65 €)","Küche & Haushalt","False","https://img.rewe-static.de/8279277/29112071_digital-image.png"
"Vivess Holzgabel 20 Stück","Vivess","4388860734256","1.69","20 Stück","Küche & Haushalt","False","https://img.rewe-static.de/8365656/30051091_digital-image.png"
"Vivess Holzmesser 20 Stück","Vivess","4388860733716","1.69","20 Stück","Küche & Haushalt","False","https://img.rewe-static.de/8363825/30051089_digital-image.png"
"00 null null WC Urinstein- & Kalklöser 750ml","00 null null","5000204592320","2.69","750ml (1 l = 3,59 €)","Küche & Haushalt","False","https://img.rewe-static.de/0425963/2485650_digital-image.png"
"Domestos Kraft & Frische Lime Fresh 750ml","Domestos","8720182432353","1.89","750ml (1 l = 2,52 €)","Küche & Haushalt","False","https://img.rewe-static.de/8713277/35199258_digital-image.png"
"fit Spülmittel Original 750ml","fit","4013162029051","2.19","750ml (1 l = 2,92 €)","Küche & Haushalt","False","https://img.rewe-static.de/7935401/32273743_digital-image.png"
"Ariel Vollwaschmittel Universal+ Pulver 1,2kg 20WL","Ariel","8700216088657","5.79","1,20kg (1 kg = 4,83 €)","Küche & Haushalt","False","https://img.rewe-static.de/7652655/40266006_digital-image.png"
"WC Frisch Kraft-Aktiv Blau Blütenfrische 50g","WC Frisch","4015000969444","1.49","50g (1 kg = 29,80 €)","Küche & Haushalt","True","https://img.rewe-static.de/8034058/30643598_digital-image.png"
"Toppits Alufolie im Karton 10m","Toppits","4008871200945","2.39","10m (1 m  = 0,24 €)","Küche & Haushalt","False","https://img.rewe-static.de/0172413/742260_digital-image.png"
"Vivess Servietten Blumen Motiv 20 Stück","Vivess","4337256782029","1.99","20 Stück","Küche & Haushalt","False","https://img.rewe-static.de/9064205/43916758_digital-image.png"
"WC Frisch WC Reiniger Gel Kraft Aktiv Lemon 750ml","WC Frisch","4015000973885","1.99","750ml (1 l = 2,65 €)","Küche & Haushalt","False","https://img.rewe-static.de/8732311/35878235_digital-image.png"
"Holste Schmierseife 1l","Holste","4000401060012","1.79","1000ml","Küche & Haushalt","False","https://img.rewe-static.de/2138976/23779684_digital-image.png"
"REWE Beste Wahl Gallseife 250ml","REWE Beste Wahl","4337256649384","1.49","250ml (1 l = 5,96 €)","Küche & Haushalt","False","https://img.rewe-static.de/8195225/29770079_digital-image.png"
"Fusselroller FSC 33 Blatt","NA","4000851021717","1.19","1 Stück","Küche & Haushalt","False","https://img.rewe-static.de/8101953/31499595_digital-image.png"
"REWE Beste Wahl Glaskeramikreiniger 300ml","REWE Beste Wahl","4337256499101","0.99","300ml (1 l = 3,30 €)","Küche & Haushalt","False","https://img.rewe-static.de/8085169/29716221_digital-image.png"
"Melitta Filtertüten 1x4 weiß Aroma 80 Stück","Melitta","4006508206827","2.99","80 Stück","Küche & Haushalt","False","https://img.rewe-static.de/1371905/19997340_digital-image.png"
"REWE Karton","REWE","4044616054831","1.29","NA","Küche & Haushalt","False","https://img.rewe-static.de/2188326/24548431_digital-image.png"
"Swirl Müllbeutel mit Fixierband 60l, 10 Stück","Swirl","4008871215963","2.95","10 Stück","Küche & Haushalt","False","https://img.rewe-static.de/7847487/34630977_digital-image.png"
"REWE Beste Wahl Butterbrotpapier-Zuschnitte 70 Stück","REWE Beste Wahl","4337256304603","1.19","70 Stück","Küche & Haushalt","False","https://img.rewe-static.de/2160071/23425502_digital-image.png"
"REWE Beste Wahl Gefrierbeutel 3l 15 Stück","REWE Beste Wahl","4337256188906","1.5","15 Stück","Küche & Haushalt","False","https://img.rewe-static.de/7936104/34302021_digital-image.png"
"WC Frisch Kraft-Aktiv Frische Brise 50g","WC Frisch","4015000969604","1.49","50g (1 kg = 29,80 €)","Küche & Haushalt","True","https://img.rewe-static.de/8378644/30643768_digital-image.png"
"Biff Bad Total Zitrus 750ml","Biff","4015000314886","2.95","750ml (1 l = 3,93 €)","Küche & Haushalt","False","https://img.rewe-static.de/2105859/21939408_digital-image.png"
"Meister Proper Allzweckreiniger Sprühen Wischen Fertig 800ml","Meister Proper","8001090973290","2.79","800ml (1 l = 3,49 €)","Küche & Haushalt","False","https://img.rewe-static.de/8867809/37471067_digital-image.png"
"Coral Colorwaschmittel Flüssig Optimal Color 1,15l 23WL","Coral","8720181327056","4.59","1,15l (1 l = 3,99 €)","Küche & Haushalt","False","https://img.rewe-static.de/8876588/38485184_digital-image.png"
"Finish Powerball Spülmaschinen Tabs Power Classic Maxi Pack 80 Tabs","Finish","4251758427922","9.45","1090g (1 kg = 8,67 €)","Küche & Haushalt","False","https://img.rewe-static.de/9195310/43807969_digital-image.png"
"Sodastream QC Co2 Füllung 60L","SodaStream","8719128118734","7.99","1 Stück","Küche & Haushalt","False","https://img.rewe-static.de/7954031/35209682_digital-image.png"
"Sidolin Glasreiniger Zitrus 500ml","Sidolin","4015000969727","1.99","500ml (1 l = 3,98 €)","Küche & Haushalt","False","https://img.rewe-static.de/8376371/30700304_digital-image.png"
"Vivess Pappteller 13x20cm 20 Stück","Vivess","4337256110983","1.69","20 Stück","Küche & Haushalt","False","https://img.rewe-static.de/7972941/32691146_digital-image.png"
"Zewa Wisch & Weg Sparblatt 4x74 Blatt","Zewa","7322540973235","2.49","4x74 Stück","Küche & Haushalt","True","https://img.rewe-static.de/7284249/29600275_digital-image.png"
"Vivess Servietten Romantic Walk To The Fridge 20 Stück","Vivess","4337256798440","1.39","20 Stück","Küche & Haushalt","False","https://img.rewe-static.de/7598116/43916722_digital-image.png"
"Domestos Kraft & Frische WC Gel Ocean Fresh 750ml","Domestos","8720182432360","1.89","750ml (1 l = 2,52 €)","Küche & Haushalt","False","https://img.rewe-static.de/8712682/35026820_digital-image.png"
"REWE Beste Wahl Küchentücher Premium 3-lagig, 3x75 Blatt","REWE Beste Wahl","4337256484138","3.79","3x75 Stück","Küche & Haushalt","False","https://img.rewe-static.de/7746001/37401657_digital-image.png"
"WC Frisch Kraft-Aktiv Blütenfrische 50g","WC Frisch","4015000969550","1.49","50g (1 kg = 29,80 €)","Küche & Haushalt","True","https://img.rewe-static.de/8378747/30643511_digital-image.png"
"Viss Reiniger Cleanboost Multiflächen 750ml","Viss","8720182302540","2.79","750ml (1 l = 3,72 €)","Küche & Haushalt","False","https://img.rewe-static.de/7821189/35970222_digital-image.png"
"Vivess Spritzbeutel mit 8 Tüllen 1 Packung","Vivess","4337256541244","3.99","1 Stück","Küche & Haushalt","False","https://img.rewe-static.de/8854902/39359480_digital-image.png"
"Frosch Aloe Vera Spül-Lotion 500ml","Frosch","4001499964510","1.89","500ml (1 l = 3,78 €)","Küche & Haushalt","False","https://img.rewe-static.de/7200028/30276862_digital-image.png"
"Vernel Weichspüler Aromatherapie Zauberhafte Malediven 814ml 37WL","Vernel","4015200033587","1.99","814ml (1 l = 2,44 €)","Küche & Haushalt","False","https://img.rewe-static.de/7604731/42382501_digital-image.png"
"Somat Classic Spülmaschinenpulver 960g, 60WL","Somat","4015200033495","5.69","960g (1 kg = 5,93 €)","Küche & Haushalt","False","https://img.rewe-static.de/7626386/42405715_digital-image.png"
"REWE Beste Wahl Eiswürfelbeutel für 240 Stück","REWE Beste Wahl","4337256711371","0.89","10x24 Stück","Küche & Haushalt","False","https://img.rewe-static.de/2391706/23890455_digital-image.png"
"Frosch Orangen-Universalreiniger 750ml","Frosch","4001499140648","1.99","750ml (1 l = 2,65 €)","Küche & Haushalt","False","https://img.rewe-static.de/6077650/2980130_digital-image.png"
"Ariel Colorwaschmittel Pulver 1,2kg 20WL","Ariel","8700216088534","5.79","1,20kg (1 kg = 4,83 €)","Küche & Haushalt","False","https://img.rewe-static.de/7596860/40625183_digital-image.png"
"Ariel Universalwaschmittel Flüssig 1l 20WL","Ariel","8700216197335","5.79","1l","Küche & Haushalt","False","https://img.rewe-static.de/7542830/42760467_digital-image.png"
"Febreze Textilerfrischer Lenor Aprilfrisch 500ml","Febreze","8006540728437","3.49","500ml (1 l = 6,98 €)","Küche & Haushalt","False","https://img.rewe-static.de/8927620/40571109_digital-image.png"
"Finish Spülmaschinen-Deo Citrus & Limone 1 Stück","Finish","4002448046486","1.99","4ml","Küche & Haushalt","False","https://img.rewe-static.de/0248674/23252571_digital-image.png"
"Der General Universalreiniger Bergfrühling 750ml","Der General","4015000960847","1.99","750ml (1 l = 2,65 €)","Küche & Haushalt","False","https://img.rewe-static.de/2440649/32569301_digital-image.png"
"Dalli Haushaltskernseife 3x100g","Dalli","4012400532612","1.49","3x100g (1 kg = 4,97 €)","Küche & Haushalt","False","https://img.rewe-static.de/6224008/23693394_digital-image.png"
"Vivess Küchenwunder 5 Stück","Vivess","4337256210669","2.29","5 Stück","Küche & Haushalt","False","https://img.rewe-static.de/8557277/33142026_digital-image.png"
"Antikal Entkalker Sprühflasche 750ml","Antikal","8006540171172","2.99","750ml (1 l = 3,99 €)","Küche & Haushalt","False","https://img.rewe-static.de/7193141/27570912_digital-image.png"
"Perwoll Sportwaschmittel Flüssig Renew 1,35l 27WL","Perwoll","4015200033709","6.75","1,35l (1 l = 5 €)","Küche & Haushalt","False","https://img.rewe-static.de/9056894/42558801_digital-image.png"
"Erdal Classic Feine Schuhcreme Schwarz 75 ml","Erdal","4001499946752","2.79","75ml (1 l = 37,20 €)","Küche & Haushalt","False","https://img.rewe-static.de/8295160/29867934_digital-image.png"
"Rewe Beste Wahl Recycling Müllbeutel 25l 30 Stück","REWE Beste Wahl","4337256755092","1.49","30 Stück","Küche & Haushalt","False","https://img.rewe-static.de/7618621/43315956_digital-image.png"
"Vernel Weichspüler Fresh Control Cool Fresh 814ml 37WL","Vernel","4015200033600","1.99","814ml (1 l = 2,44 €)","Küche & Haushalt","False","https://img.rewe-static.de/9153240/42558770_digital-image.png"
"Vivess Scheuerschwamm neon","Vivess","4388860549935","0.99","1 Stück","Küche & Haushalt","False","https://img.rewe-static.de/8191274/29793872_digital-image.png"
"REWE Beste Wahl Schwerlast Müllsäcke 240l 5 Stück","REWE Beste Wahl","4337256305167","4.99","5 Stück","Küche & Haushalt","False","https://img.rewe-static.de/7874577/34602251_digital-image.png"
"Drano Küchen-Gel Rohrfrei 1l","Drano","5000204147018","3.75","1000ml","Küche & Haushalt","False","https://img.rewe-static.de/8433990/31604811_digital-image.png"
"Sidolin Glasreiniger Cristal 500ml","Sidolin","4015000969734","1.99","500ml (1 l = 3,98 €)","Küche & Haushalt","False","https://img.rewe-static.de/8377886/30632268_digital-image.png"
"Frosch Essig WC-Reiniger 750ml","Frosch","4001499954788","2.39","750ml (1 l = 3,19 €)","Küche & Haushalt","False","https://img.rewe-static.de/8442123/31442000_digital-image.png"
"Toppits Frischhaltefolie 20m","Toppits","4008871200846","1.59","20m (1 m = 0,08 €)","Küche & Haushalt","False","https://img.rewe-static.de/0172154/742250_digital-image.png"
"Melitta Filtertüten 1x6 naturbraun 40 Stück","Melitta","4006508123834","2.49","40 Stück","Küche & Haushalt","False","https://img.rewe-static.de/5399840/740520_digital-image.png"
"Swirl Reißfest und Dicht Tragegriff 20l, 20 Stück","Swirl","4008871215635","2.59","20 Stück","Küche & Haushalt","False","https://img.rewe-static.de/7268956/27775722_digital-image.png"
"Pely Klimaneutral Profi Müllsack 60l, 15 Stück","Pely","4007519022420","3.99","15 Stück","Küche & Haushalt","False","https://img.rewe-static.de/7991605/31605866_digital-image.png"
"WC-Ente Total Aktiv Gel Citrus 750ml","WC-Ente","5000204096705","2.29","750ml (1 l = 3,05 €)","Küche & Haushalt","False","https://img.rewe-static.de/8094869/32175316_digital-image.png"
"Spee Universalwaschmittel Power Caps 216g, 18WL","Spee","4015200031965","4.49","216g (1 kg = 20,79 €)","Küche & Haushalt","False","https://img.rewe-static.de/8913339/40871404_digital-image.png"
"WC Frisch SpaMomente Vitalität 50g","WC Frisch","4015200032801","2.49","50g (1 kg = 49,80 €)","Küche & Haushalt","False","https://img.rewe-static.de/7681513/40654717_digital-image.png"
"Lenor Unstoppables Wäscheparfüm Fresh 160g","Lenor","8006540923306","3.79","160g (1 kg = 23,69 €)","Küche & Haushalt","False","https://img.rewe-static.de/8924375/40401019_digital-image.png"
"Pely Klimaneutral Müllbeutel Extra stark 35l, 15 Stück","Pely","4007519018447","2.49","15 Stück","Küche & Haushalt","False","https://img.rewe-static.de/8440608/31322456_digital-image.png"
"Vivess Rouladen-Nadeln 10Stk","Vivess","4388860587289","0.99","10 Stück","Küche & Haushalt","False","https://img.rewe-static.de/8100479/31505733_digital-image.png"
"Swirl Öko-Müllbeutel mit Zugband 35l, 12 Stück","Swirl","4008871217424","2.89","12 Stück","Küche & Haushalt","False","https://img.rewe-static.de/8744754/37201004_digital-image.png"
"Zewa Wisch & Weg Design extra lang 2x72 Blatt","Zewa","7322540973112","2.49","2x72 Stück","Küche & Haushalt","True","https://img.rewe-static.de/7285955/29182016_digital-image.png"
"Persil Vollwaschmittel Megaperls 1,04kg, 16WL","Persil","4015200033433","6.35","1,04kg (1 kg = 6,11 €)","Küche & Haushalt","False","https://img.rewe-static.de/8993618/41239586_digital-image.png"
"Ariel Colorwaschmittel Flüssig 2,5l 50WL","Ariel","8700216197052","11.99","2,50l (1 l = 4,80 €)","Küche & Haushalt","False","https://img.rewe-static.de/7606006/42378477_digital-image.png"
"Klax Destilliertes Wasser 2l","Klax","4002832001138","0.99","2l (1 l = 0,50 €)","Küche & Haushalt","False","https://img.rewe-static.de/6540848/7448930_digital-image.png"
"REWE Beste Wahl Schwerlast Müllsäcke 120l 10 Stück","REWE Beste Wahl","4337256300315","2.49","10 Stück","Küche & Haushalt","False","https://img.rewe-static.de/8630878/34602242_digital-image.png"
"WC Frisch Kraft-Aktiv Blau Ozeanfrische 50g","WC Frisch","4015000969628","1.49","50g (1 kg = 29,80 €)","Küche & Haushalt","True","https://img.rewe-static.de/8033644/30582431_digital-image.png"
"Spee Vollwaschmittel Megaperls 1,14kg, 19WL","Spee","4015200031781","4.49","1,14kg (1 kg = 3,94 €)","Küche & Haushalt","False","https://img.rewe-static.de/8983090/39280117_digital-image.png"
"WC Frisch Kraft-Aktiv Blau Chlor 50g","WC Frisch","4015000969536","1.49","50g (1 kg = 29,80 €)","Küche & Haushalt","True","https://img.rewe-static.de/8036155/30578870_digital-image.png"
"WC Frisch Kraft-Aktiv Blau Ozeanfrische Duo-Pack 100g","WC Frisch","4015000969574","3.45","2x50g (1 kg = 34,50 €)","Küche & Haushalt","False","https://img.rewe-static.de/8541610/35907321_digital-image.png"
"Lenor Weichspüler Blütentraum 800ml 32WL","Lenor","8700216283038","2.29","800ml (1 l = 2,86 €)","Küche & Haushalt","False","https://img.rewe-static.de/7607488/42380971_digital-image.png"
"Somat Spezial-Salz 1,2kg","Somat","4015000309585","1.29","1,20kg (1 kg = 1,08 €)","Küche & Haushalt","False","https://img.rewe-static.de/5812321/28093718_digital-image.png"
"Persil Colorwaschmittel 4in1-Discs 272g, 16WL","Persil","4015200033242","6.35","272g (1 kg = 23,35 €)","Küche & Haushalt","False","https://img.rewe-static.de/8989911/42389506_digital-image.png"
"Drano Power-Gel Rohrfrei 1l","Mr Muscle","5000204150735","3.75","1000ml","Küche & Haushalt","False","https://img.rewe-static.de/8399792/30664511_digital-image.png"
"Lenor Weichspüler Provence 950ml 38WL","Lenor","8700216283731","2.29","950ml (1 l = 2,41 €)","Küche & Haushalt","False","https://img.rewe-static.de/7607373/43279529_digital-image.png"
"Vivess Spülbürste Holz rund","Vivess","4337256148429","1.19","1 Stück","Küche & Haushalt","False","https://img.rewe-static.de/7962652/32732511_digital-image.png"
"Somat Excellence Duo Power Gel 928ml","Somat","4015200031132","9.45","928ml (1 l = 10,18 €)","Küche & Haushalt","False","https://img.rewe-static.de/8870501/37822632_digital-image.png"
"Frosch Glas-Reiniger Spiritus 500ml","Frosch","4001499961465","1.89","500ml (1 l = 3,78 €)","Küche & Haushalt","False","https://img.rewe-static.de/7732438/37353355_digital-image.png"
"REWE Beste Wahl Bio Abfallbeutel 15l 15 Stück","REWE Beste Wahl","4337256654234","2.49","15 Stück","Küche & Haushalt","False","https://img.rewe-static.de/8632184/35022292_digital-image.png"
"natürlich ECO WC Reiniger Zitrone 750ml","Natürlich","4337256645379","1.15","750ml (1 l = 1,53 €)","Küche & Haushalt","False","https://img.rewe-static.de/8729459/36986290_digital-image.png"
"REWE Beste Wahl Duft-Müllbeutel 5l 85 Stück","REWE Beste Wahl","4337256553551","0.95","85 Stück","Küche & Haushalt","False","https://img.rewe-static.de/2773455/26123638_digital-image.png"
"Vivess Muffinförmchen 40 Stück 45x160x100mm","Vivess","4388860647839","0.99","40 Stück","Küche & Haushalt","False","https://img.rewe-static.de/8302842/29689462_digital-image.png"
"Somat All in 1 Extra 63 Spülmaschinentabs 1040g","Somat","4015200034164","9.45","1045kg (1 kg = 9,04 €)","Küche & Haushalt","False","https://img.rewe-static.de/9079119/43014005_digital-image.png"
"DanKlorix Hygienereiniger mit Chlor 1,5l","DanKlorix","4011200652902","2.45","1,50l (1 l = 1,63 €)","Küche & Haushalt","False","https://img.rewe-static.de/0484059/2139580_digital-image.png"
"Perwoll Black Waschmittel Flüssig Renew 1,35l, 27WL","Perwoll","4015200033778","6.75","1,35l (1 l = 5 €)","Küche & Haushalt","False","https://img.rewe-static.de/7603087/42394700_digital-image.png"
"Spee Vollwaschmittel Aktiv-Gel 990ml, 22WL","Spee","4015200032702","4.49","990ml (1 l = 4,54 €)","Küche & Haushalt","False","https://img.rewe-static.de/8907195/38626507_digital-image.png"
"Perwoll Colorwaschmittel Flüssig Renew 1,35l 27WL","Perwoll","4015200033679","6.75","1,35l (1 l = 5 €)","Küche & Haushalt","False","https://img.rewe-static.de/9057079/42558736_digital-image.png"
"Lenor Wäscheparfüm Goldene Orchidee 160g","Lenor","8006540923221","3.79","160g (1 kg = 23,69 €)","Küche & Haushalt","False","https://img.rewe-static.de/9051310/40804385_digital-image.png"
"Softlan Ultra Weichspüler Bouquet der Düfte 650ml, 31WL","Softlan","8718951580718","1.49","650ml (1 l = 2,29 €)","Küche & Haushalt","False","https://img.rewe-static.de/8925685/40834428_digital-image.png"
"Rei in der Tube 125ml","Rei","4013162004027","1.99","125ml (1 l = 15,92 €)","Küche & Haushalt","False","https://img.rewe-static.de/0187011/1056780_digital-image.png"
"Viss Scheuermilch Citrus 500ml","Viss","8720181239878","1.99","500ml (1 l = 3,98 €)","Küche & Haushalt","False","https://img.rewe-static.de/8395153/30643513_digital-image.png"
"Lenor Wäscheparfüm Amethyst Blütentraum 160g","Lenor","8006540923269","3.79","160g (1 kg = 23,69 €)","Küche & Haushalt","False","https://img.rewe-static.de/7656415/40800808_digital-image.png"
"Finish Ultimate All in 1 Regular Spülmaschinen Caps Maxi Pack 54 Caps","Finish","4251758412898","9.45","696g (1 kg = 13,58 €)","Küche & Haushalt","False","https://img.rewe-static.de/8872351/38621714_digital-image.png"
"Lenor Balance Weichspüler Meeresbrise 800ml 32WL","Lenor","8700216283069","2.29","800ml (1 l = 2,86 €)","Küche & Haushalt","False","https://img.rewe-static.de/9051092/43395847_digital-image.png"
"Spee Vollwaschmittel Flüssig Frische-Kick 990ml 22WL","Spee","4015200033648","4.49","990ml (1 l = 4,54 €)","Küche & Haushalt","False","https://img.rewe-static.de/9049616/42558775_digital-image.png"
"REWE Beste Wahl Hygienespüler 1,5l 18WL","REWE Beste Wahl","4337256511506","1.65","1500ml (1 l = 1,10 €)","Küche & Haushalt","False","https://img.rewe-static.de/8089929/29734733_digital-image.png"
"Ariel Colorwaschmittel Flüssig 1l 20WL","Ariel","8700216197359","5.79","1l","Küche & Haushalt","False","https://img.rewe-static.de/9055435/42362692_digital-image.png"
"Persil Colorwaschmittel Color Kraft-Gel 900ml, 20WL","Persil","4015200031644","6.35","900ml (1 l = 7,06 €)","Küche & Haushalt","False","https://img.rewe-static.de/8986220/41365493_digital-image.png"
"Calgon 4in1 Wasserenthärter Gel 750ml","Calgon","4251758410467","4.69","750ml (1 l = 6,25 €)","Küche & Haushalt","False","https://img.rewe-static.de/8915816/39283239_digital-image.png"
"WC-Ente WC-Stein Nachfüller Frische Siegel Limone 2x36ml","WC-Ente","5000204199550","3.99","2x36ml (1 l = 55,42 €)","Küche & Haushalt","False","https://img.rewe-static.de/1078987/23393856_digital-image.png"
"REWE Beste Wahl WC-Blauspüler 40g","REWE Beste Wahl","4337256837996","0.99","40g (1 kg = 24,75 €)","Küche & Haushalt","False","https://img.rewe-static.de/2299850/23786985_digital-image.png"
"Spee Vollwaschmittel flüssig Sensitive 990ml, 22WL","Spee","4015200031750","4.49","990ml (1 l = 4,54 €)","Küche & Haushalt","False","https://img.rewe-static.de/8995430/39281697_digital-image.png"
"Vileda Glitzi Plus Topfreiniger 3 Stück","Vileda","4003790001444","1.39","3 Stück","Küche & Haushalt","False","https://img.rewe-static.de/4582896/6226480_digital-image.png"
"Vivess Einmalhandschuhe Nitril 8/9 M-L 50 Stück","Vivess","4337256621342","3.99","50 Stück","Küche & Haushalt","False","https://img.rewe-static.de/8919118/39472156_digital-image.png"
"Swirl Müllbeutel 35l, 15 Stück","Swirl","4008871216427","2.29","15 Stück","Küche & Haushalt","False","https://img.rewe-static.de/7846876/34631250_digital-image.png"
"Lenor Weichspüler Orchidee & Vanille 1,4l 56WL","Lenor","8700216282802","3.99","1400ml (1 l = 2,85 €)","Küche & Haushalt","False","https://img.rewe-static.de/9050551/42364761_digital-image.png"
"WC-Ente Reinigungs-Gel Tropical Adventure 750ml","WC-Ente","5000204344424","2.29","750ml (1 l = 3,05 €)","Küche & Haushalt","False","https://img.rewe-static.de/7601864/44022376_digital-image.png"
"Perwoll Black Waschmittel Flüssig Renew Blütenmeer 1,35l 27WL","Perwoll","4015200033686","6.75","1,35l (1 l = 5 €)","Küche & Haushalt","False","https://img.rewe-static.de/9053451/43367999_digital-image.png"
"Rewe Beste Wahl Recyling Müllbeutel 50l 20 Stück","REWE Beste Wahl","4337256752763","1.49","20 Stück","Küche & Haushalt","False","https://img.rewe-static.de/9030363/43316352_digital-image.png"
"Persil Vollwaschmittel Universal Pulver 4,5kg 75WL","Persil","4015200034010","18.99","4,50kg (1 kg = 4,22 €)","Küche & Haushalt","False","https://img.rewe-static.de/9038611/42222135_digital-image.png"
"WC Frisch Kraft-Aktiv Hawaii 50g","WC Frisch","4015000969482","1.49","50g (1 kg = 29,80 €)","Küche & Haushalt","True","https://img.rewe-static.de/8378941/30642987_digital-image.png"
"Vivess Microfaser Universaltücher 2 Stück","Vivess","4388860551679","2.49","2 Stück","Küche & Haushalt","False","https://img.rewe-static.de/8192275/29311790_digital-image.png"
"fit Spülmittel Original 500ml","fit","4013162028856","1.59","500ml (1 l = 3,18 €)","Küche & Haushalt","False","https://img.rewe-static.de/7936944/32280614_digital-image.png"
"abrazo Reinigungskissen Topf & Pfanne 12 Stück","Abrazo","4003364281203","2.49","12 Stück","Küche & Haushalt","False","https://img.rewe-static.de/6939937/24591368_digital-image.png"
"Der General Universalreiniger Frische Zitrone 750ml","Der General","4015000960861","1.99","750ml (1 l = 2,65 €)","Küche & Haushalt","False","https://img.rewe-static.de/2446382/32569314_digital-image.png"
"Vernel Weichspüler Aromatherapie Bezaubernde Magnolie 814ml 37WL","Vernel","4015200033556","1.99","814ml (1 l = 2,44 €)","Küche & Haushalt","False","https://img.rewe-static.de/9054352/42382869_digital-image.png"
"Swiffer Trocken-Wischtücher 18 Stück","Swiffer","5410076545353","3.69","18 Stück","Küche & Haushalt","False","https://img.rewe-static.de/1281083/24004758_digital-image.png"
"Frosch Dusche und Bad-Reiniger Citrus 500ml","Frosch","4001499961472","1.89","500ml (1 l = 3,78 €)","Küche & Haushalt","False","https://img.rewe-static.de/8927930/37353359_digital-image.png"
"REWE Beste Wahl Duft Müllbeutel Limette 35l 25 Stück","REWE Beste Wahl","4337256302852","1.99","35l (1 l = 0,06 €)","Küche & Haushalt","False","https://img.rewe-static.de/7875014/35114059_digital-image.png"
"Vivess Backpinsel Holz","Vivess","4388860587234","1.79","2 Stück","Küche & Haushalt","False","https://img.rewe-static.de/8100108/30241923_digital-image.png"
"Frosch Universal Waschmittel 1,44l 24WL","Frosch","4001499966613","4.79","1,44l (1 l = 3,33 €)","Küche & Haushalt","False","https://img.rewe-static.de/9079816/43766035_digital-image.png"
"REWE Beste Wahl Teefilter halterlos 100 Stück","REWE Beste Wahl","4337256031882","1.79","100 Stück","Küche & Haushalt","False","https://img.rewe-static.de/7172253/27683392_digital-image.png"
"REWE Beste Wahl Natron 50g","REWE Beste Wahl","4337256830126","0.69","50g (1 kg = 13,80 €)","Küche & Haushalt","False","https://img.rewe-static.de/9093521/43852433_digital-image.png"
"Frosch Zitronen WC-Reiniger 750ml","Frosch","4001499954986","2.39","750ml (1 l = 3,19 €)","Küche & Haushalt","False","https://img.rewe-static.de/8439234/31442005_digital-image.png"
"Lenor Weichspüler Sensitiv 950ml 38WL","Lenor","8700216283465","2.29","950ml (1 l = 2,41 €)","Küche & Haushalt","False","https://img.rewe-static.de/9049605/42381261_digital-image.png"
"Vivess Pappteller rund eco friendly 23cm 20 Stück","Vivess","4337256100922","1.69","20 Stück","Küche & Haushalt","False","https://img.rewe-static.de/7972933/32691138_digital-image.png"
"REWE Beste Wahl Entkalker für Haushaltsgeräte 250ml","REWE Beste Wahl","4337256480970","0.99","250ml (1 l = 3,96 €)","Küche & Haushalt","False","https://img.rewe-static.de/8267730/29144441_digital-image.png"
"WC Frisch Kraft-Aktiv Minze Eukalyptus 50g","WC Frisch","4015000969598","1.49","50g (1 kg = 29,80 €)","Küche & Haushalt","True","https://img.rewe-static.de/8033387/30652113_digital-image.png"
"Calgon 4in1 Wasserenthärter 47 Tabs","Calgon","4251758410849","9.49","611g (1 kg = 15,53 €)","Küche & Haushalt","False","https://img.rewe-static.de/8936828/40286417_digital-image.png"
"Frosch WC-Reiniger Himbeer-Essig 750ml","Frosch","4001499954993","2.39","750ml (1 l = 3,19 €)","Küche & Haushalt","False","https://img.rewe-static.de/8468930/31442010_digital-image.png"
"Vivess Motivpappbecher 0,2l 10 Stück","Vivess","4388860398564","1.79","10 Stück","Küche & Haushalt","False","https://img.rewe-static.de/8335852/34077079_digital-image.png"
"Meister Proper Frühlingserwachen 1l","Meister Proper","8001090974136","1.89","1l","Küche & Haushalt","False","https://img.rewe-static.de/7843189/34822351_digital-image.png"
"Somat Klarspüler 750ml","Somat","4015000310048","2.49","750ml (1 l = 3,32 €)","Küche & Haushalt","False","https://img.rewe-static.de/0919335/35861588_digital-image.png"
"REWE Beste Wahl Spülmaschinenpfleger 250ml","REWE Beste Wahl","4337256655217","0.99","250ml (1 l = 3,96 €)","Küche & Haushalt","False","https://img.rewe-static.de/8948223/40587957_digital-image.png"
"Vanish Oxi Action Fleckenentferner Pink Pulver 550g","Vanish","4251758406798","5.99","550g (1 kg = 10,89 €)","Küche & Haushalt","False","https://img.rewe-static.de/8759544/35748087_digital-image.png"
"Yutaka Bamboo Sushi Rolling Mat","NA","5014276230028","1.79","NA","Küche & Haushalt","False","https://img.rewe-static.de/2087203/29520201_digital-image.png"
"Lenor Wäscheparfüm Aprilfrisch 160g","Lenor","8006540923238","3.79","160g (1 kg = 23,69 €)","Küche & Haushalt","False","https://img.rewe-static.de/8923089/40401017_digital-image.png"
"REWE Beste Wahl WC Duftsteine Ocean 48g","REWE Beste Wahl","4337256562409","1.25","2x48g (1 kg = 13,02 €)","Küche & Haushalt","False","https://img.rewe-static.de/8878886/38494287_digital-image.png"
"Vivess Vierkant-Reibe","Vivess","4388860588378","7.99","1 Stück","Küche & Haushalt","False","https://img.rewe-static.de/8270586/30003236_digital-image.png"
"Vivess Sparschäler","Vivess","4388860588996","3.99","1 Stück","Küche & Haushalt","False","https://img.rewe-static.de/8100118/31042290_digital-image.png"
"Heitmann Bio-Schnell-Entkalker 250ml","Heitmann","4052400033634","2.49","250ml (1 l = 9,96 €)","Küche & Haushalt","False","https://img.rewe-static.de/0099413/5403080_digital-image.png"
"Frosch Weichspüler Sensitiv Mandelmilch 1l, 40WL","Frosch","4001499957536","1.99","1000ml","Küche & Haushalt","False","https://img.rewe-static.de/8552367/32803279_digital-image.png"
"Sagrotan Waschmaschinen-Hygienereiniger 250ml","Sagrotan","4002448084945","3.99","250ml (1 l = 15,96 €)","Küche & Haushalt","False","https://img.rewe-static.de/2415238/23709653_digital-image.png"
"Lenor light Weichspüler Pfingstrose & Seidenbaumblüte 800ml 32WL","Lenor","8700216283625","2.29","800ml (1 l = 2,86 €)","Küche & Haushalt","False","https://img.rewe-static.de/9052001/42761359_digital-image.png"
"Perwoll Colorwaschmittel Flüssig Blütenrausch Renew 1,35l 27WL","Perwoll","4015200033723","6.75","1,35l (1 l = 5 €)","Küche & Haushalt","False","https://img.rewe-static.de/9054689/42558663_digital-image.png"
"Sagrotan Wäsche-Hygienespüler Frisch 1,5L","Sagrotan","4002448112488","3.79","1,50l (1 l = 2,53 €)","Küche & Haushalt","False","https://img.rewe-static.de/3285241/26915179_digital-image.png"
"REWE Beste Wahl Aluminiumfolie 15m","REWE Beste Wahl","4337256475938","2.29","15m (1 m  = 0,15 €)","Küche & Haushalt","False","https://img.rewe-static.de/8496948/32253990_digital-image.png"
"Vivess Baumwoll Geschirrtücher 2 Stück","Vivess","4337256111195","3.99","2 Stück","Küche & Haushalt","False","https://img.rewe-static.de/7969293/32241587_digital-image.png"
"Finish Ultimate Plus All in 1 Citrus Spülmaschinen Caps, Maxi Pack, 48 Caps","Finish","4251758418784","9.45","585g (1 kg = 16,15 €)","Küche & Haushalt","False","https://img.rewe-static.de/8875199/39186048_digital-image.png"
"Vernel Weichspüler Aromatherapie Faszinierender Dschungel 814ml 37WL","Vernel","4015200033570","1.99","814ml (1 l = 2,44 €)","Küche & Haushalt","False","https://img.rewe-static.de/9054172/43683358_digital-image.png"
"Swirl Tragegriff-Müllbeutel 5l, 40 Stück","Swirl","4008871215642","2.59","40 Stück","Küche & Haushalt","False","https://img.rewe-static.de/3150674/5405260_digital-image.png"
"Vivess Wc Bürste","Vivess","4337256143424","1.49","1 Stück","Küche & Haushalt","False","https://img.rewe-static.de/7960197/32171901_digital-image.png"
"REWE Beste Wahl Rohrreiniger Gel 1l","REWE Beste Wahl","4337256210041","1.25","1l","Küche & Haushalt","False","https://img.rewe-static.de/3207891/26566287_digital-image.png"
"Vivess Einmalhandschuhe Nitril 7/8 S-M 50 Stück","Vivess","4337256618823","3.99","50 Stück","Küche & Haushalt","False","https://img.rewe-static.de/7691217/39411301_digital-image.png"
"Regina Haushaltstücher mit Herzen 4x45 Blatt","Regina","8004260454162","2.99","NA","Küche & Haushalt","False","https://img.rewe-static.de/0478314/3916940_digital-image.png"
"Persil Universalwaschmittel 4in1 Discs 272g, 16WL","Persil","4015200033235","6.35","272g (1 kg = 23,35 €)","Küche & Haushalt","False","https://img.rewe-static.de/9004421/41239390_digital-image.png"
"WC-Ente WC-Stein Nachfüller Frische Siegel Eukalyptus 2x36ml","WC-Ente","5000204329469","3.99","2x36ml (1 l = 55,42 €)","Küche & Haushalt","False","https://img.rewe-static.de/7645218/41523896_digital-image.png"
"Kuschelweich Weichspüler Sommerwind 1l, 38WL","Kuschelweich","4013162031313","1.99","1l","Küche & Haushalt","False","https://img.rewe-static.de/8685458/34579694_digital-image.png"
"REWE Beste Wahl Duftmüllbeutel 20l Zugbeutel 25 Stück","REWE Beste Wahl","4337256300049","1.99","25 Stück","Küche & Haushalt","False","https://img.rewe-static.de/7243834/28012258_digital-image.png"
"Frosch All-in-1 Limone 30 Spül-Tabs 540g","Frosch","4001499963339","5.99","540g (1 kg = 11,09 €)","Küche & Haushalt","False","https://img.rewe-static.de/7719775/38621726_digital-image.png"
"Bref Power Kalkreiniger Kalk & Schmutz 750ml","Bref Power","4015000971157","2.75","750ml (1 l = 3,67 €)","Küche & Haushalt","False","https://img.rewe-static.de/8449032/31917945_digital-image.png"
"Toppits Gefrierbeutel mit Standboden 3l, 30 Stück","Toppits","4008871208064","1.99","30 Stück","Küche & Haushalt","False","https://img.rewe-static.de/2383180/28269289_digital-image.png"
"Lenor Weichspüler Blütentraum 1,4l 56WL","Lenor","8700216282871","3.99","1400ml (1 l = 2,85 €)","Küche & Haushalt","False","https://img.rewe-static.de/9054641/42364767_digital-image.png"
"Persil Vollwaschmittel Sensitive Gel Aloe Vera & Natürliche Seife 900ml, 20WL","Persil","4015200031651","6.35","900ml (1 l = 7,06 €)","Küche & Haushalt","False","https://img.rewe-static.de/7642770/39281681_digital-image.png"
"Emsal Pflege-Reiniger alle Böden 1l","Emsal","4001499181085","3.69","1000ml","Küche & Haushalt","False","https://img.rewe-static.de/0123239/7448910_digital-image.png"
"Heitmann Schnell-Entkalker 2x15g","Heitmann","4052400033610","0.59","30g (1 kg = 19,67 €)","Küche & Haushalt","False","https://img.rewe-static.de/0099410/23166212_digital-image.png"
"Toppits Bratschlauch 3m","Toppits","4008871209672","2.49","3m (1 m = 0,83 €)","Küche & Haushalt","False","https://img.rewe-static.de/4721489/2675520_digital-image.png"
"Toppits Gefrierbeutel mit Standboden 2l, 35 Stück","Toppits","4008871208057","1.99","35 Stück","Küche & Haushalt","False","https://img.rewe-static.de/2383171/23690915_digital-image.png"
"Emsal Stein und Fliesen 1l","Emsal","4001499944697","4.99","1000ml","Küche & Haushalt","False","https://img.rewe-static.de/7214431/27808973_digital-image.png"
"Pely Klimaneutral Müllbeutel 35l 18 Stück","Pely","4007519027715","1.99","18 Stück","Küche & Haushalt","False","https://img.rewe-static.de/7694065/39489462_digital-image.png"
"Zewa Wisch & Weg extra lang Original 2x86 Blatt","Zewa","7322540973174","2.49","2x86 Stück","Küche & Haushalt","True","https://img.rewe-static.de/7286451/29182017_digital-image.png"
"Vivess Sparschäler","Vivess","4388860587272","2.49","1 Stück","Küche & Haushalt","False","https://img.rewe-static.de/8269472/30003999_digital-image.png"
"Swirl Müllbeutel mit Fixierband 35l, 10 Stück","Swirl","4008871215871","2.95","10 Stück","Küche & Haushalt","False","https://img.rewe-static.de/8674886/34631122_digital-image.png"
"Zewa Wisch & Weg Reinweiss 4x45 Blatt","Zewa","7322540973372","2.49","4x45 Stück","Küche & Haushalt","True","https://img.rewe-static.de/7285464/30213435_digital-image.png"
"REWE Beste Wahl WC Duftsteine Lemon 96g","REWE Beste Wahl","4337256439442","1.25","96g (1 kg = 13,02 €)","Küche & Haushalt","False","https://img.rewe-static.de/7789916/38494185_digital-image.png"
"REWE Beste Wahl Hygienespray 250ml","REWE Beste Wahl","4337256860185","1.79","250ml (1 l = 7,16 €)","Küche & Haushalt","False","https://img.rewe-static.de/2832074/26199585_digital-image.png"
"REWE Beste Wahl Hygiene Reinigungstücher 40 Stück","REWE Beste Wahl","4337256891431","1.99","40 Stück","Küche & Haushalt","False","https://img.rewe-static.de/8247965/29030783_digital-image.png"
"Swirl Müllbeutel mit Fixierband 20l, 15 Stück","Swirl","4008871215895","2.95","15 Stück","Küche & Haushalt","False","https://img.rewe-static.de/8673183/34631179_digital-image.png"
"Toppits Backpapier 8m","Toppits","4008871200365","1.99","8m (1 m  = 0,25 €)","Küche & Haushalt","False","https://img.rewe-static.de/5907411/2314860_digital-image.png"
"Vileda Schwammtuch 5 Stück","Vileda","8001940001432","2.39","1 Stück","Küche & Haushalt","False","https://img.rewe-static.de/5000572/21051014_digital-image.png"
"Frosch Zitronen-Scheuermilch 500ml","Frosch","4001499139796","1.79","500ml (1 l = 3,58 €)","Küche & Haushalt","False","https://img.rewe-static.de/8223653/8130870_digital-image.png"
"Vernel Weichspüler Wildrose 858ml 39WL","Vernel","4015200033624","1.99","858ml (1 l = 2,32 €)","Küche & Haushalt","False","https://img.rewe-static.de/7542460/42558731_digital-image.png"
"Vileda Glitzi Küchenschwamm 2 Stück","Vileda","5410208207401","1.99","2 Stück","Küche & Haushalt","False","https://img.rewe-static.de/1294203/21048638_digital-image.png"
"Vivess Tuchschwamm 4 Stück","Vivess","4337256553476","1.89","4 Stück","Küche & Haushalt","False","https://img.rewe-static.de/7718193/43929614_digital-image.png"
"Perwoll White Waschmittel Flüssig 1,35l 27WL","Perwoll","4015200033716","6.75","1,35l (1 l = 5 €)","Küche & Haushalt","False","https://img.rewe-static.de/9057698/42558626_digital-image.png"
"Ariel Colorwaschmittel All-in-1 Pods 775,2g 38WL","Ariel","8700216240772","11.99","38 Stück","Küche & Haushalt","False","https://img.rewe-static.de/9053285/42761417_digital-image.png"
"REWE Beste Wahl Hygienereiniger 1,5l","REWE Beste Wahl","4388860648621","1.65","1,50l (1 l = 1,10 €)","Küche & Haushalt","False","https://img.rewe-static.de/8079152/29830886_digital-image.png"
"Regesoft Geschirrspülsalz 2kg","NA","4003885005739","0.99","2000g","Küche & Haushalt","False","https://img.rewe-static.de/9970629/46916700_digital-image.png"
"Vivess Servietten Party Colour 20 Stück","Vivess","4337256791823","1.39","20 Stück","Küche & Haushalt","False","https://img.rewe-static.de/9062619/43916738_digital-image.png"
"Rewe Beste Wahl Recycling Müllbeutel 35l, 25 Stück","REWE Beste Wahl","4337256760119","1.49","25 Stück","Küche & Haushalt","False","https://img.rewe-static.de/7621651/43316247_digital-image.png"
"Melitta Filtertüten 102 naturbraun Aroma 80 Stück","Melitta","4006508206926","2.49","80 Stück","Küche & Haushalt","False","https://img.rewe-static.de/1422376/20345823_digital-image.png"
"Vileda Spültuch mit 30% Microfaser 6 Stück","Vileda","4023103110755","4.49","6 Stück","Küche & Haushalt","False","https://img.rewe-static.de/7826036/29818725_digital-image.png"
"Vivess Filterkartuschen 2 Stück","Vivess","4388860678239","6.99","2 Stück","Küche & Haushalt","False","https://img.rewe-static.de/8064710/30683207_digital-image.png"
"Ceraclen 5in1 Reiniger Glaskeramik & Induktion 200ml","Cera Clen","4002448006473","3.59","200ml (1 l = 17,95 €)","Küche & Haushalt","False","https://img.rewe-static.de/0519260/5404770_digital-image.png"
"Vivess Papp-Becher 15x0,3l","Vivess","4388860422610","2.29","15 Stück","Küche & Haushalt","False","https://img.rewe-static.de/8040924/30917783_digital-image.png"
"Frosch Bio-Spiritus Multiflächen-Reiniger 500ml","Frosch","4001499961540","2.29","500ml (1 l = 4,58 €)","Küche & Haushalt","False","https://img.rewe-static.de/2156170/23165141_digital-image.png"
"REWE Beste Wahl Hygienetücher 15 Stück","REWE Beste Wahl","4337256172950","1.49","15 Stück","Küche & Haushalt","False","https://img.rewe-static.de/7259597/28012211_digital-image.png"
"Sidolin Mix & Clean Cristal Konzentrat zum Auffüllen 125ml","Sidolin","4015200032849","1.69","125ml","Küche & Haushalt","False","https://img.rewe-static.de/9075008/43166906_digital-image.png"
"Pely Bio-Zugbandbeutel 20l 8 Stück","Pely","4007519031552","2.99","8 Stück","Küche & Haushalt","False","https://img.rewe-static.de/7628472/41665514_digital-image.png"
"Febreze Textilerfrischer Lenor Amethyst Blütentraum 500ml","Febreze","8006540728468","3.49","500ml (1 l = 6,98 €)","Küche & Haushalt","False","https://img.rewe-static.de/8850353/37356680_digital-image.png"
"Vivess Papiertrinkhalme 40 Stück","Vivess","4388860273991","1.99","40 Stück","Küche & Haushalt","False","https://img.rewe-static.de/8112555/28952668_digital-image.png"
"Vivess Kids Servietten Dinosaurier 20 Stück","Vivess","4337256789578","1.39","20 Stück","Küche & Haushalt","False","https://img.rewe-static.de/7535920/43916709_digital-image.png"
"Vivess Servietten Love 20 Stück","Vivess","4337256782890","1.39","20 Stück","Küche & Haushalt","False","https://img.rewe-static.de/9064914/43922640_digital-image.png"
"Domestos WC-Stein Power 5 Limette 50g","Domestos","8720182894830","1.79","50g (1 kg = 35,80 €)","Küche & Haushalt","False","https://img.rewe-static.de/9982153/45118414_digital-image.png"
"DanKlorix Grüne Frische Hygienereiniger mit Chlor 1,5l","DanKlorix","4011200662901","2.45","1,50l (1 l = 1,63 €)","Küche & Haushalt","False","https://img.rewe-static.de/6177310/3534660_digital-image.png"
"Kuschelweich Weichspüler Frischetraum 1l, 38WL","Kuschelweich","4013162031399","1.99","1l","Küche & Haushalt","False","https://img.rewe-static.de/8682768/36987951_digital-image.png"
"REWE Beste Wahl Gefrierbeutel mit Zip-Verschluss 5l, 8 Stück","REWE Beste Wahl","4337256185134","1.5","8 Stück","Küche & Haushalt","False","https://img.rewe-static.de/7936815/34302052_digital-image.png"
"Frosch Spiritus Glasreiniger 750ml","Frosch","4001499959592","2.39","750ml (1 l = 3,19 €)","Küche & Haushalt","False","https://img.rewe-static.de/8676628/35150435_digital-image.png"
"Swirl Tragegriff-Müllbeutel 10l, 37 Stück","Swirl","4008871215680","2.59","37 Stück","Küche & Haushalt","False","https://img.rewe-static.de/3151050/21437241_digital-image.png"
"Emsal Bodenexperte Laminat 1l","Emsal","4001499944710","4.99","1000ml","Küche & Haushalt","False","https://img.rewe-static.de/7213809/27808919_digital-image.png"
"Messbecher 1l","Pyrex","3426470293792","17.95","1 Stück","Küche & Haushalt","False","https://img.rewe-static.de/8166836/48089539_digital-image.png"
"Große Schüssel 1,1l","Pyrex","3426470292894","12.95","1 Stück","Küche & Haushalt","False","https://img.rewe-static.de/9913028/48089545_digital-image.png"
"Vivess Gemüsemesser","Vivess","4388860587555","3.99","1 Stück","Küche & Haushalt","False","https://img.rewe-static.de/8269169/30003803_digital-image.png"
"Vivess Glas Kochfeldschaber","Vivess","8004627320000","3.99","1 Stück","Küche & Haushalt","False","https://img.rewe-static.de/8316285/30455970_digital-image.png"
"Schlosser Bioabfalltüte mit Henkel 10l","Schlosser","4015631100292","2.19","10 Stück","Küche & Haushalt","False","https://img.rewe-static.de/0808318/23884438_digital-image.png"
"Somat Excellence Premium 5in1 16 Spülmaschinencaps 297,6g","Somat","4015200033884","5.69","16 Stück","Küche & Haushalt","False","https://img.rewe-static.de/9083586/43540960_digital-image.png"
"Vivess Reinigungsschwämme für Küche und Bad 2 Stück","Vivess","4388860548945","1.89","2 Stück","Küche & Haushalt","False","https://img.rewe-static.de/8192183/29686373_digital-image.png"
"Vivess Schneidebrett 15cm x 24,5cm","Vivess","4388860622652","2.99","1 Stück","Küche & Haushalt","False","https://img.rewe-static.de/8296893/30558844_digital-image.png"
"Vivess Messbecher 1L","Vivess","4388860588880","3.99","1 Stück","Küche & Haushalt","False","https://img.rewe-static.de/8098510/29689458_digital-image.png"
"Kleine Schüssel 0,6l","Pyrex","3426470292887","10.95","1 Stück","Küche & Haushalt","False","https://img.rewe-static.de/9914333/48089601_digital-image.png"
"Vivess Löffel aus Holz 20 Stück","Vivess","4388860731200","1.69","20 Stück","Küche & Haushalt","False","https://img.rewe-static.de/8363107/30051087_digital-image.png"
"Swirl Öko-Müllbeutel mit Zugband 20l, 18 Stück","Swirl","4008871217400","2.89","18 Stück","Küche & Haushalt","False","https://img.rewe-static.de/7800895/39587532_digital-image.png"
"WC Frisch Kraft-Aktiv Lemon 2x50g","WC Frisch","4015000969499","3.45","2x50g (1 kg = 34,50 €)","Küche & Haushalt","False","https://img.rewe-static.de/7949905/35907320_digital-image.png"
"Quicheform 28cm","Pyrex","3426470293822","13.95","1 Stück","Küche & Haushalt","False","https://img.rewe-static.de/9913834/48089578_digital-image.png"
"Vivess Mikrofaser Bodentuch 1 Stück","Vivess","4337256479998","2.59","1 Stück","Küche & Haushalt","False","https://img.rewe-static.de/8782803/39513054_digital-image.png"
"REWE Parkett & Laminatreiniger 1l","REWE Beste Wahl","4388860651850","1.45","1l","Küche & Haushalt","False","https://img.rewe-static.de/8303853/30561748_digital-image.png"
"00 null null WC AktivGel 4in1 Fresh Green 750ml","00 null null","5000204096958","1.99","750ml (1 l = 2,65 €)","Küche & Haushalt","False","https://img.rewe-static.de/8277578/29145696_digital-image.png"
"Vivess Spülbürste mit Spüli-Spender im Griff","Vivess","4337256090513","1.59","1 Stück","Küche & Haushalt","False","https://img.rewe-static.de/8469012/32971185_digital-image.png"
"Heitmann Bio-Entkalker 2x25g","Heitmann","4052400033627","1.79","2x25g (1 kg = 35,80 €)","Küche & Haushalt","False","https://img.rewe-static.de/0099417/22133376_digital-image.png"
"Vernel Weichspüler Aromatherapie Sinnliche Frangipani 814ml 37WL","Vernel","4015200033549","1.99","814ml (1 l = 2,44 €)","Küche & Haushalt","False","https://img.rewe-static.de/7602333/43683285_digital-image.png"
"Vivess Spülprofi Ersatzschwämme 3 Stück","Vivess","4337256099080","1.59","3 Stück","Küche & Haushalt","False","https://img.rewe-static.de/8467388/32971007_digital-image.png"
"Vivess Zitronenpresse","Vivess","4388860587999","2.99","1 Stück","Küche & Haushalt","False","https://img.rewe-static.de/8270709/29689460_digital-image.png"
"Vivess Kehrgarnitur Duo Borsten 1 Stück","Vivess","4337256112604","2.99","1 Stück","Küche & Haushalt","False","https://img.rewe-static.de/7969254/32535911_digital-image.png"
"Vivess Knoblauchpresse","Vivess","4388860585667","8.99","1 Stück","Küche & Haushalt","False","https://img.rewe-static.de/8268671/30003283_digital-image.png"
"Meal Master 2,6l","Pyrex","3426470292863","20.95","1 Stück","Küche & Haushalt","False","https://img.rewe-static.de/8166631/48089538_digital-image.png"
"Meal Master 1,5l","Pyrex","3426470294034","16.95","1 Stück","Küche & Haushalt","False","https://img.rewe-static.de/9913929/48089598_digital-image.png"
"Vivess Küchenschwamm 2 Stück","Vivess","4388860674200","2.49","2 Stück","Küche & Haushalt","False","https://img.rewe-static.de/8317825/30683149_digital-image.png"
"Hoffmanns Gardinenwaschmittel 660g","Hoffmanns","4002448034506","3.49","660g (1 kg = 5,29 €)","Küche & Haushalt","False","https://img.rewe-static.de/0973510/22228997_digital-image.png"
"Melitta Filtertüten 1x4 Gourmet naturbraun Plus 80 Stück","Melitta","4006508206834","2.99","80 Stück","Küche & Haushalt","False","https://img.rewe-static.de/1395761/20210245_digital-image.png"
"Sil Fleckensalz 500g","Sil","4015000971904","2.99","500g (1 kg = 5,98 €)","Küche & Haushalt","False","https://img.rewe-static.de/8519881/39315459_digital-image.png"
"Vivess Trinkhalme Glas 4 Stück","Vivess","4388860623031","3.99","4 Stück","Küche & Haushalt","False","https://img.rewe-static.de/8295598/30046517_digital-image.png"
"Dalli Duo Bügelhilfe 400ml","Dalli","4012400522309","1.79","400ml (1 l = 4,48 €)","Küche & Haushalt","False","https://img.rewe-static.de/6701981/7445240_digital-image.png"
"WC Frisch Kraft-Aktiv 2x50g","WC Frisch","4015000973366","3.45","2x50g (1 kg = 34,50 €)","Küche & Haushalt","False","https://img.rewe-static.de/1968010/23017864_digital-image.png"
"Motiv Pappteller Ø 22cm 10 Stück","NA","4337256343572","1.79","10 Stück","Küche & Haushalt","False","https://img.rewe-static.de/7825090/34077085_digital-image.png"
"Vivess Schwammtuch Mikrofaser 3 Stück","Vivess","4337256100960","1.49","3 Stück","Küche & Haushalt","False","https://img.rewe-static.de/8473629/32502819_digital-image.png"
"Kuchenform 26cm","Pyrex","3426470293839","13.95","1 Stück","Küche & Haushalt","False","https://img.rewe-static.de/8166535/48089496_digital-image.png"
"Vivess Flaschenöffner 2 Stück","Vivess","4388860588200","1.99","2 Stück","Küche & Haushalt","False","https://img.rewe-static.de/8270995/30558825_digital-image.png"
"Vivess Frischhalte-Dose 450ml","Vivess","4337256656160","2.49","1 Stück","Küche & Haushalt","False","https://img.rewe-static.de/8951221/47611410_digital-image.png"
"Vivess Muffinförmchen fettdichtes Papier 24 Stück","Vivess","4004158118552","2.99","24 Stück","Küche & Haushalt","False","https://img.rewe-static.de/8834079/43160665_digital-image.png"
"Vivess Frischhalte-Dose 800ml","Vivess","4337256657143","2.99","1 Stück","Küche & Haushalt","False","https://img.rewe-static.de/7672223/47611149_digital-image.png"
"Vileda Glitzi Pur Active 3 Stück","Vileda","4023103140431","2.49","3 Stück","Küche & Haushalt","False","https://img.rewe-static.de/1049697/21048320_digital-image.png"
"Vivess Servietten Familie 20 Stück","Vivess","4337256795142","1.39","20 Stück","Küche & Haushalt","False","https://img.rewe-static.de/9064017/43916749_digital-image.png"
"Vivess Tee-Ei","Vivess","4388860623352","1.99","1 Stück","Küche & Haushalt","False","https://img.rewe-static.de/8084501/30476353_digital-image.png"
"ja! Universal Wischbezug 2 Stück","Vivess","4388860711554","3.49","2 Stück","Küche & Haushalt","False","https://img.rewe-static.de/8373430/30281418_digital-image.png"
"Vivess Fensterleder 1 Stück","Vivess","4388860548020","4.99","1 Stück","Küche & Haushalt","False","https://img.rewe-static.de/8192585/30644213_digital-image.png"
"WC Frisch Brilliant Gel Arctic Ocean 42g","WC Frisch","4015000972390","2.49","42g (1 kg = 59,29 €)","Küche & Haushalt","False","https://img.rewe-static.de/8610344/33258442_digital-image.png"
"Swirl Müllbeutel mit Fixierband 60l, 10 Stück","Swirl","4008871216410","2.29","10 Stück","Küche & Haushalt","False","https://img.rewe-static.de/7812480/36480827_digital-image.png"
"Vivess Abfluss-Sieb 2 Stück","Vivess","4388860588644","1.39","2 Stück","Küche & Haushalt","False","https://img.rewe-static.de/8271504/31072738_digital-image.png"
"Vivess Pfannenwender","Vivess","4388860655759","3.99","1 Stück","Küche & Haushalt","False","https://img.rewe-static.de/8309166/30002854_digital-image.png"
"Vivess Servietten Elegant Türkis 20 Stück","Vivess","4337256786874","1.39","20 Stück","Küche & Haushalt","False","https://img.rewe-static.de/7599926/43922679_digital-image.png"
"Vivess Teigschaber Silikon","Vivess","4337256720007","2.99","1 Stück","Küche & Haushalt","False","https://img.rewe-static.de/9006345/42854385_digital-image.png"
"Vivess WC-Garnitur mit Randreiniger 1 Stück","Vivess","4337256162524","3.29","1 Stück","Küche & Haushalt","False","https://img.rewe-static.de/8507993/32691363_digital-image.png"
"Vivess Kochlöffel 2 Stück","Vivess","4000270925337","1.49","1 Stück","Küche & Haushalt","False","https://img.rewe-static.de/8080233/30429369_digital-image.png"
"Vivess Servietten Think Pink 20 Stück","Vivess","4337256798112","1.39","20 Stück","Küche & Haushalt","False","https://img.rewe-static.de/7598918/43916733_digital-image.png"
"Erdal Classic Feine Schuhcreme alle Farben 75ml","Erdal","4001499946721","2.79","75ml (1 l = 37,20 €)","Küche & Haushalt","False","https://img.rewe-static.de/8092555/29868118_digital-image.png"
"Swiffer Bodenstab Starterset Pink Limited + 4 Trockentücher + 4 Wet Wischtücher Set","Swiffer","8700216606769","12.99","1 Stück","Küche & Haushalt","False","https://img.rewe-static.de/9921110/47278071_digital-image.png"
"Vivess Mikrofasertücher 3 Stück","Vivess","4337256425704","1.89","3 Stück","Küche & Haushalt","False","https://img.rewe-static.de/8789210/36697647_digital-image.png"
"Swiffer Staubmagnet Starterset Pink Griff + 3 Tücher Set","Swiffer","8700216123587","3.69","1 Stück","Küche & Haushalt","False","https://img.rewe-static.de/9041910/40321022_digital-image.png"
"Vivess Servietten Herz 16 Stück","Vivess","4337256798402","1.19","16 Stück","Küche & Haushalt","False","https://img.rewe-static.de/9062606/43922663_digital-image.png"
"Vivess Sieb 8cm","Vivess","4388860587586","3.99","1 Stück","Küche & Haushalt","False","https://img.rewe-static.de/8270098/30559067_digital-image.png"
"Dr. Beckmann Kaffeemaschinen Reinigungs-Tabs 6 Stück","Dr. Beckmann","4008455028712","2.99","6 Stück","Küche & Haushalt","False","https://img.rewe-static.de/2014811/23263758_digital-image.png"
"Vivess Seifenpads Mini 16 Stück","Vivess","4337256006385","1.99","16 Stück","Küche & Haushalt","False","https://img.rewe-static.de/8412087/31042271_digital-image.png"
"Vivess Servietten Heißluftballons 20 Stück","Vivess","4337256796125","1.39","20 Stück","Küche & Haushalt","False","https://img.rewe-static.de/9062007/43922631_digital-image.png"
"WC-Ente WC-Stein Aqua Blue 4in1 40g","WC-Ente","5000204668995","1.29","40g (1 kg = 32,25 €)","Küche & Haushalt","False","https://img.rewe-static.de/1306452/21056294_digital-image.png"
"Persil Vollwaschmittel Universal 4in1-Discs 1,02kg 60WL","Persil","4015200033389","18.99","1,02kg (1 kg = 18,62 €)","Küche & Haushalt","False","https://img.rewe-static.de/8996009/40955793_digital-image.png"
"Persil Vollwaschmittel Universal Kraft-Gel 3,6l, 80WL","Persil","4015200031729","18.99","3,60l (1 l = 5,28 €)","Küche & Haushalt","False","https://img.rewe-static.de/8917419/39281775_digital-image.png"
"Vivess Badschwamm 2in1","Vivess","4337256031707","1.99","1 Stück","Küche & Haushalt","False","https://img.rewe-static.de/8006788/32090558_digital-image.png"
"Vivess Duschkabinen Abzieher 1 Stück","Vivess","4337256046510","1.19","1 Stück","Küche & Haushalt","False","https://img.rewe-static.de/8001999/31617308_digital-image.png"
"Vivess Sevietten Eco Coffee 20 Stück","Vivess","4337256797382","1.39","20 Stück","Küche & Haushalt","False","https://img.rewe-static.de/9062012/43922649_digital-image.png"
"Vivess Springform mit Antihaftbeschichtung 26cm","Vivess","4337256744706","7.99","1 Stück","Küche & Haushalt","False","https://img.rewe-static.de/8032089/32616095_digital-image.png"
"Vivess Trockene Schwammtücher 4 Stück","Vivess","4337256091176","1.79","4 Stück","Küche & Haushalt","False","https://img.rewe-static.de/7981122/32288969_digital-image.png"
"Vivess Eierlöffel 6 Stück","Vivess","4388860588170","1.99","6 Stück","Küche & Haushalt","False","https://img.rewe-static.de/8093390/30003884_digital-image.png"
"Vivess Frischhaltedose aus Glas","Vivess","4388860591019","4.99","1 Stück","Küche & Haushalt","False","https://img.rewe-static.de/8098702/30476088_digital-image.png"
"Vivess Hebelkorkenzieher","Vivess","4337256460477","6.99","1 Stück","Küche & Haushalt","False","https://img.rewe-static.de/8767527/37973630_digital-image.png"
"Vivess Sieb 20cm","Vivess","4388860588392","7.99","1 Stück","Küche & Haushalt","False","https://img.rewe-static.de/8100197/30002815_digital-image.png"
"Domestos Power5+ WC-Stein Blauspüler Pinke Magnolie 48g","Domestos","8720182899453","1.79","48g (1 kg = 37,29 €)","Küche & Haushalt","False","https://img.rewe-static.de/9981461/45539044_digital-image.png"
"Sicherheitsnadeln 24 Stück","NA","4008017101013","4.49","24 Stück","Küche & Haushalt","False","https://img.rewe-static.de/7686743/41438228_digital-image.png"
"Spontex Multi-Use Handschuhe Größe M 7-7,5","Spontex","3384122021271","1.49","1 Stück","Küche & Haushalt","False","https://img.rewe-static.de/9092813/44576599_digital-image.png"
"Vivess Backpinsel aus Silikon","Vivess","4337256730082","2.99","1 Stück","Küche & Haushalt","False","https://img.rewe-static.de/7634652/42854379_digital-image.png"
"Vivess Fleischklopfer","Vivess","4000270918063","5.99","1 Stück","Küche & Haushalt","False","https://img.rewe-static.de/8080032/30476352_digital-image.png"
"Vivess Kaffeelöffel 6 Stück","Vivess","4388860621648","3.99","6 Stück","Küche & Haushalt","False","https://img.rewe-static.de/8307980/30003807_digital-image.png"
"Vivess Pappbecher 0,5l 10 Stück","Vivess","4337256508070","2.49","10 Stück","Küche & Haushalt","False","https://img.rewe-static.de/7750018/37989609_digital-image.png"
"Vivess Pfannenwender Holz","Vivess","4000270925320","1.49","1 Stück","Küche & Haushalt","False","https://img.rewe-static.de/8302534/30004180_digital-image.png"
"Domestos WC Stein Power 5 Magnolie 50g","Domestos","8720182894847","1.79","50g (1 kg = 35,80 €)","Küche & Haushalt","False","https://img.rewe-static.de/9981751/45715128_digital-image.png"
"Scholl Fresh Step Schuh Deo Geruchsstop 150ml","Scholl","5038483502662","2.49","150ml (1 l = 16,60 €)","Küche & Haushalt","False","https://img.rewe-static.de/0432330/23198757_digital-image.png"
"Vivess Allzweckbürste","Vivess","4337256119443","2.29","1 Stück","Küche & Haushalt","False","https://img.rewe-static.de/8482957/32502617_digital-image.png"
"Vivess Butterdose 1 Stück","Vivess","7610859220929","2.99","1 Stück","Küche & Haushalt","False","https://img.rewe-static.de/8382337/31191984_digital-image.png"
"Vivess Cake Pop Sticks 48 Stück","Vivess","4388860374582","1.99","48 Stück","Küche & Haushalt","False","https://img.rewe-static.de/8329585/30429215_digital-image.png"
"Vivess Servietten Coffee 20 Stück","Vivess","4337256789790","0.99","20 Stück","Küche & Haushalt","False","https://img.rewe-static.de/9060811/43916788_digital-image.png"
"Vivess Vorratsdose ca. 1,5l","Vivess","5707672733605","4.99","1 Stück","Küche & Haushalt","False","https://img.rewe-static.de/8404033/31275299_digital-image.png"
"Ariel Vollwaschmittel Universal+ Pulver 4.8kg 80WL","Ariel","8700216088602","18.49","4,80kg (1 kg = 3,85 €)","Küche & Haushalt","False","https://img.rewe-static.de/7600242/44575642_digital-image.png"
"Vivess Eierschneider","Vivess","4388860588750","4.99","1 Stück","Küche & Haushalt","False","https://img.rewe-static.de/8271193/30429444_digital-image.png"
"Vivess Kasten-Backform 25x11cm 1 Stück","Vivess","4337256759502","7.99","1 Stück","Küche & Haushalt","False","https://img.rewe-static.de/8380788/32021508_digital-image.png"
"Vivess Microfaser Staubtuch","Vivess","4388860550047","1.79","1 Stück","Küche & Haushalt","False","https://img.rewe-static.de/8147077/29311791_digital-image.png"
"Vivess Mini-Pappbecher 60 ml 20 Stück","Vivess","4337256088633","1.99","20 Stück","Küche & Haushalt","False","https://img.rewe-static.de/8454648/32732632_digital-image.png"
"Vivess Topfreiniger Ergo Grip 2 Stück","Vivess","4388860549164","1.09","2 Stück","Küche & Haushalt","False","https://img.rewe-static.de/8192672/28859097_digital-image.png"
"Vivess Badwunder Tuch 30x30cm","Vivess","4388860565003","2.19","1 Stück","Küche & Haushalt","False","https://img.rewe-static.de/8338234/30593073_digital-image.png"
"Vivess Knoblauchpresse","Vivess","4388860447934","6.99","1 Stück","Küche & Haushalt","False","https://img.rewe-static.de/8384216/31874642_digital-image.png"
"Vivess Pappteller 23cm blau 10 Stück","Vivess","4337256348836","1.99","10 Stück","Küche & Haushalt","False","https://img.rewe-static.de/7855016/35606138_digital-image.png"
"Vivess Pizzaschneider","Vivess","4388860587692","4.99","1 Stück","Küche & Haushalt","False","https://img.rewe-static.de/8268875/30003437_digital-image.png"
"Vivess Schneebesen 22cm","Vivess","4388860623314","3.99","1 Stück","Küche & Haushalt","False","https://img.rewe-static.de/8293982/32587004_digital-image.png"
"Vivess Schneebesen 26cm","Vivess","4388860587913","4.99","1 Stück","Küche & Haushalt","False","https://img.rewe-static.de/8280180/30384055_digital-image.png"
"Vivess Schöpfkelle","Vivess","4337256550116","2.49","1 Stück","Küche & Haushalt","False","https://img.rewe-static.de/7679910/39252095_digital-image.png"
"Vivess Servietten Elegant Türkis 16 Stück","Vivess","4337256797542","1.19","16 Stück","Küche & Haushalt","False","https://img.rewe-static.de/9065327/43922669_digital-image.png"
"Vivess Tortenring","Vivess","4388860587005","6.99","1 Stück","Küche & Haushalt","False","https://img.rewe-static.de/8100007/29733969_digital-image.png"
"Melitta Filtertüten 101 naturbraun 40 Stück","Melitta","4006508125999","1.99","40 Stück","Küche & Haushalt","False","https://img.rewe-static.de/5417341/7472560_digital-image.png"
"Servierschale 2,8l","Pyrex","3426470293815","14.95","1 Stück","Küche & Haushalt","False","https://img.rewe-static.de/9906430/48089541_digital-image.png"
"Vivess Brötchenmesser","Vivess","4032501838307","3.99","1 Stück","Küche & Haushalt","False","https://img.rewe-static.de/8383033/31453253_digital-image.png"
"Vivess Isolierkanne 1,5l","Vivess","4337256066112","19.99","1 Stück","Küche & Haushalt","False","https://img.rewe-static.de/8443038/33169211_digital-image.png"
"Vivess Snackbox","Vivess","4337256735155","2.99","1 Stück","Küche & Haushalt","False","https://img.rewe-static.de/8321595/30429162_digital-image.png"
"Vivess Universalmesser","Vivess","4388860586787","7.99","1 Stück","Küche & Haushalt","False","https://img.rewe-static.de/8278470/30383463_digital-image.png"
"Vivess Wischbezug extra Stark 1 Stück","Vivess","4388860702545","3.99","1 Stück","Küche & Haushalt","False","https://img.rewe-static.de/8051539/30799710_digital-image.png"
"Messbecher 500ml","NA","4388860446173","2.99","1 Stück","Küche & Haushalt","False","https://img.rewe-static.de/8032129/32159372_digital-image.png"
"Vivess Ei-Pick","Vivess","4388860587517","2.99","1 Stück","Küche & Haushalt","False","https://img.rewe-static.de/8269994/30002809_digital-image.png"
"Vivess Einmachglaeser 3x 230ml","Vivess","4337256157902","3.49","3 Stück","Küche & Haushalt","False","https://img.rewe-static.de/8510795/32732618_digital-image.png"
"Vivess Fleischthermometer","Vivess","4388860373851","3.99","1 Stück","Küche & Haushalt","False","https://img.rewe-static.de/8348690/30046318_digital-image.png"
"Vivess Haushaltsschere Grün","Vivess","4388860645996","4.99","1 Stück","Küche & Haushalt","False","https://img.rewe-static.de/8080037/30115198_digital-image.png"
"Vivess Kochlöffel 1 Stück","Vivess","4337256556576","2.49","1 Stück","Küche & Haushalt","False","https://img.rewe-static.de/8868711/39252071_digital-image.png"
"Vivess Mehlsieb Einhandbedienung","Vivess","4388860620382","4.99","1 Stück","Küche & Haushalt","False","https://img.rewe-static.de/8296289/30559079_digital-image.png"
"Vivess Menüteller 22cm 10 Stück","Vivess","4388860735031","1.69","10 Stück","Küche & Haushalt","False","https://img.rewe-static.de/8363225/30935366_digital-image.png"
"Vivess Sahnekapseln 10er","Vivess","4337256797399","4.99","10 Stück","Küche & Haushalt","False","https://img.rewe-static.de/8064011/42335804_digital-image.png"
"Vivess Servierzange Edelstahl 2 Stück","Vivess","4388860591088","3.99","2 Stück","Küche & Haushalt","False","https://img.rewe-static.de/8098103/30476357_digital-image.png"
"Vivess Teigrolle","Vivess","4000270918032","8.99","1 Stück","Küche & Haushalt","False","https://img.rewe-static.de/8081471/29689443_digital-image.png"
"Vivess Trichter","Vivess","4388860620580","2.49","3 Stück","Küche & Haushalt","False","https://img.rewe-static.de/8294675/30436393_digital-image.png"
"Vivess Wischbezug Parkett für Laminat, Kork- und Holzböden","Vivess","4388860711936","2.99","1 Stück","Küche & Haushalt","False","https://img.rewe-static.de/8354133/30799802_digital-image.png"
"Gummiband 2mx20mm","NA","4008017201010","3.49","1 Stück","Küche & Haushalt","False","https://img.rewe-static.de/8923445/41438240_digital-image.png"
"Melitta Filtertüten 100 naturbraun 40 Stück","Melitta","4006508126033","1.99","NA","Küche & Haushalt","False","https://img.rewe-static.de/5567114/23246981_digital-image.png"
"Melitta Filtertüten Natura 80er","Melitta","4006508210862","2.99","80 Stück","Küche & Haushalt","False","https://img.rewe-static.de/2196192/29944180_digital-image.png"
"Nadelsortiment 31-tlg. mit Einfädler","NA","4008017102010","4.49","31 Stück","Küche & Haushalt","False","https://img.rewe-static.de/7686356/41438272_digital-image.png"
"Vivess Bodenwischsystem","Vivess","4388860430134","9.99","1 Stück","Küche & Haushalt","False","https://img.rewe-static.de/8367685/31856146_digital-image.png"
"Vivess Brotmesser","Vivess","4388860453973","9.99","1 Stück","Küche & Haushalt","False","https://img.rewe-static.de/8384624/31617472_digital-image.png"
"Vivess Handreibe","Vivess","4388860586435","6.99","1 Stück","Küche & Haushalt","False","https://img.rewe-static.de/8269584/30384049_digital-image.png"
"Vivess Küchenzange","Vivess","4388860588033","5.99","1 Stück","Küche & Haushalt","False","https://img.rewe-static.de/8268682/30003417_digital-image.png"
"Vivess Pappbecher 10 x 225ml pink","Vivess","4337256338363","1.99","10 Stück","Küche & Haushalt","False","https://img.rewe-static.de/8662334/35558625_digital-image.png"
"Vivess Pappteller 30cm 5 Stück","Vivess","4337256102551","3.29","5 Stück","Küche & Haushalt","False","https://img.rewe-static.de/8477432/32691130_digital-image.png"
"Vivess Schneidebrett 20cmx30cm","Vivess","4388860449778","7.99","1 Stück","Küche & Haushalt","False","https://img.rewe-static.de/8382512/31367352_digital-image.png"
"Vivess Servietten Good Things 20 Stück","Vivess","4337256784528","0.99","20 Stück","Küche & Haushalt","False","https://img.rewe-static.de/7599513/43916782_digital-image.png"
"Vivess Teenetz Baumwolle Ø9cm","Vivess","4008033158855","1.99","1 Stück","Küche & Haushalt","False","https://img.rewe-static.de/8313287/30559074_digital-image.png"
"Vivess Wäscheklammern 24 Stück","Vivess","4388860424898","2.99","24 Stück","Küche & Haushalt","False","https://img.rewe-static.de/8365871/30977590_digital-image.png"
"Erdal 1-2-3 Glanz schwarz","Erdal","4001499143694","2.49","1 Stück","Küche & Haushalt","False","https://img.rewe-static.de/9180885/23041558_digital-image.png"
"Gemüsehobel","NA","4008033158817","5.99","1 Stück","Küche & Haushalt","False","https://img.rewe-static.de/8085881/30557825_digital-image.png"
"Maiskolbenhalter","NA","4008033567152","2.99","1 Stück","Küche & Haushalt","False","https://img.rewe-static.de/0881958/20961583_digital-image.png"
"Vivess Flaschenverschluss 2 Stück","Vivess","4388860623000","2.99","2 Stück","Küche & Haushalt","False","https://img.rewe-static.de/8296097/30559017_digital-image.png"
"Vivess Glasurmesser","Vivess","4388860621082","4.99","1 Stück","Küche & Haushalt","False","https://img.rewe-static.de/8084891/30003863_digital-image.png"
"Vivess Kaffee- und Dessertlöffel aus Holz 14cm 20 Stück","Vivess","4337256708036","0.99","20 Stück","Küche & Haushalt","False","https://img.rewe-static.de/7645161/43615870_digital-image.png"
"Vivess Kaffee-Messlöffel","Vivess","4388860619676","2.99","1 Stück","Küche & Haushalt","False","https://img.rewe-static.de/8295502/30476107_digital-image.png"
"Vivess Kurzzeitmesser","Vivess","4388860622966","5.99","1 Stück","Küche & Haushalt","False","https://img.rewe-static.de/8295173/30476360_digital-image.png"
"Vivess Muskatreibe","Vivess","4388860588729","6.99","1 Stück","Küche & Haushalt","False","https://img.rewe-static.de/8099615/30004148_digital-image.png"
"Vivess Nussknacker","Vivess","4337256467667","4.99","1 Stück","Küche & Haushalt","False","https://img.rewe-static.de/7788368/37693034_digital-image.png"
"Vivess Pappbecher 10x 225ml blau","Vivess","4337256348737","1.99","10 Stück","Küche & Haushalt","False","https://img.rewe-static.de/8664128/35551983_digital-image.png"
"Vivess Pappteller 23cm pink 10 Stück","Vivess","4337256345668","1.99","10 Stück","Küche & Haushalt","False","https://img.rewe-static.de/7856726/35606174_digital-image.png"
"Vivess Puderzuckerstreuer","Vivess","4388860623338","4.99","1 Stück","Küche & Haushalt","False","https://img.rewe-static.de/8295088/30455484_digital-image.png"
"Vivess Santoku-Messer","Vivess","4388860443257","9.99","1 Stück","Küche & Haushalt","False","https://img.rewe-static.de/8384628/31617847_digital-image.png"
"Vivess Snackschale mit Motiv 6 Stück","Vivess","4337256760201","2.29","6 Stück","Küche & Haushalt","False","https://img.rewe-static.de/9030752/43788241_digital-image.png"
"Vivess Spritzschutz rostfrei ø29cm","Vivess","4388860588064","7.99","1 Stück","Küche & Haushalt","False","https://img.rewe-static.de/8269285/30003845_digital-image.png"
"Vivess Spültücher Bambus","Vivess","4337256061582","2.99","1 Stück","Küche & Haushalt","False","https://img.rewe-static.de/8443611/33098060_digital-image.png"
"Vivess Teigausroller","Vivess","4388860693867","3.99","1 Stück","Küche & Haushalt","False","https://img.rewe-static.de/8326595/30003856_digital-image.png"
"Chefkoch trifft Fackelmann Schaschlikspieße 21cm 4 Stück","Fackelmann","4008033232036","2.29","1 Stück","Küche & Haushalt","False","https://img.rewe-static.de/8373207/33258954_digital-image.png"
"Schlauch Gummilitze hochelastisch 3m x 8mm","NA","4008017203014","3.99","1 Stück","Küche & Haushalt","False","https://img.rewe-static.de/7686848/41440538_digital-image.png"
"Vileda Ultramax 2in1 Ersatzbezug","Vileda","4023103201262","13.99","1 Stück","Küche & Haushalt","False","https://img.rewe-static.de/8680385/34724271_digital-image.png"
"Vivess Bananentresor","Vivess","4388860622089","1.99","1 Stück","Küche & Haushalt","False","https://img.rewe-static.de/8309600/30428685_digital-image.png"
"Vivess Dünsteinsatz mit gummierten Füßen rostfrei","Vivess","4388860623253","7.99","1 Stück","Küche & Haushalt","False","https://img.rewe-static.de/8295886/30558024_digital-image.png"
"Vivess Fenstertuch","Vivess","4337256034333","1.99","1 Stück","Küche & Haushalt","False","https://img.rewe-static.de/8425512/32288882_digital-image.png"
"Vivess Klingenschärfer","Vivess","4388860588606","9.99","1 Stück","Küche & Haushalt","False","https://img.rewe-static.de/8099716/30004039_digital-image.png"
"Vivess Lunch & Snackbox To-Go","Vivess","4388860449594","5.99","1 Stück","Küche & Haushalt","False","https://img.rewe-static.de/8404890/31797841_digital-image.png"
"Vivess Pralinenförmchen 100 Stück","Vivess","4388860405408","1.79","100 Stück","Küche & Haushalt","False","https://img.rewe-static.de/8342335/31025493_digital-image.png"
"Vivess Tortenheber mit Schneidekante","Vivess","4388860621815","1.79","1 Stück","Küche & Haushalt","False","https://img.rewe-static.de/8309390/30003266_digital-image.png"
"Vivess Wäscheleine 30m extra reißfest","Vivess","4337256272216","2.99","30m","Küche & Haushalt","False","https://img.rewe-static.de/7894091/35692122_digital-image.png"
"Vivess faltbares Sieb aus Silikon","Vivess","4388860453034","12.99","1 Stück","Küche & Haushalt","False","https://img.rewe-static.de/8031718/31617646_digital-image.png"
"Vivess Mehrweg Frischedeckel 4 Stück","Vivess","4388860453348","5.99","4 Stück","Küche & Haushalt","False","https://img.rewe-static.de/8031609/31488269_digital-image.png"
"Vivess Universalreibe","Vivess","4388860440294","4.99","1 Stück","Küche & Haushalt","False","https://img.rewe-static.de/8033474/31366669_digital-image.png"
"Applikation Paw Patrol","NA","4008017211019","4.99","1 Stück","Küche & Haushalt","False","https://img.rewe-static.de/8924661/41438196_digital-image.png"
"Chefkoch + Fackelmann Reinigungsschaber","Fackelmann","4008033231992","5.49","1 Stück","Küche & Haushalt","False","https://img.rewe-static.de/8372906/44020480_digital-image.png"
"Chefkoch trifft Fackelmann Mehrzweckzange","Fackelmann","4008033232081","8.99","1 Stück","Küche & Haushalt","False","https://img.rewe-static.de/8998047/43268649_digital-image.png"
"Chefkoch trifft Fackelmann antihaft Pfanne ø24cm","Fackelmann","4008033233118","24.99","1 Stück","Küche & Haushalt","False","https://img.rewe-static.de//8349707/32223327_digital-image.png"
"Haftverschluss selbstklebend weiß 60cm x 20mm","NA","4008017309013","4.99","1 Stück","Küche & Haushalt","False","https://img.rewe-static.de/8926567/41523468_digital-image.png"
"Hoffmanns Gardinen Weiß-Spüler 500ml","Hoffmanns","4002448034544","3.49","500ml (1 l = 6,98 €)","Küche & Haushalt","False","https://img.rewe-static.de/5107695/6613900_digital-image.png"
"Luna Mäusefalle 2 Stück","Luna","9001404237109","1.99","2 Stück","Küche & Haushalt","False","https://img.rewe-static.de/8072230/22225965_digital-image.png"
"Melitta Rundfilterpapier 1 naturbraun 100 Stück","Melitta","4006508204335","1.39","100 Stück","Küche & Haushalt","False","https://img.rewe-static.de/1188956/20312476_digital-image.png"
"Salz und Pfefferstreuer 2 Stück","NA","4009017408232","1.0","2 Stück","Küche & Haushalt","False","https://img.rewe-static.de/2880534/25538230_digital-image.png"
"Swirl Anti Calc BIO-Liquid 375ml","Swirl","4006508221646","3.49","375ml (1 l = 9,31 €)","Küche & Haushalt","False","https://img.rewe-static.de/8331116/29951383_digital-image.png"
"Syngarn Allesnäher 200m","NA","4008017302014","3.99","1 Stück","Küche & Haushalt","False","https://img.rewe-static.de/7688053/41368593_digital-image.png"
"Vivess Anti Beschlagtuch 2 Stück","Vivess","4337256338554","2.49","2 Stück","Küche & Haushalt","False","https://img.rewe-static.de/8655574/35709793_digital-image.png"
"Vivess Apfelteiler","Vivess","4337256624190","4.99","1 Stück","Küche & Haushalt","False","https://img.rewe-static.de/8989810/43352841_digital-image.png"
"Vivess Ausstechformen","Vivess","4388860451122","2.49","1 Stück","Küche & Haushalt","False","https://img.rewe-static.de/8019480/32586991_digital-image.png"
"Vivess Backmatte 40x30cm","Vivess","4388860451351","4.99","1 Stück","Küche & Haushalt","False","https://img.rewe-static.de/8032886/38946229_digital-image.png"
"Vivess Barstössel","Vivess","4000270919299","2.99","1 Stück","Küche & Haushalt","False","https://img.rewe-static.de/8333095/30455492_digital-image.png"
"Vivess Burgerpresse","Vivess","4388860682977","4.99","1 Stück","Küche & Haushalt","False","https://img.rewe-static.de/8323165/30476131_digital-image.png"
"Vivess Eiskugelformer","Vivess","4388860587944","7.99","1 Stück","Küche & Haushalt","False","https://img.rewe-static.de/8100288/30002848_digital-image.png"
"Vivess Espresso-Kocher für 4 Tassen rostfreier Edelstahl induktionsgeeignet","Vivess","4388860446340","12.99","1 Stück","Küche & Haushalt","False","https://img.rewe-static.de/8380807/31164548_digital-image.png"
"Vivess Fleischklopfer","Vivess","4388860442588","9.99","1 Stück","Küche & Haushalt","False","https://img.rewe-static.de/8383115/31856796_digital-image.png"
"Vivess Geflügelschere","Vivess","4388860447637","9.99","1 Stück","Küche & Haushalt","False","https://img.rewe-static.de/8031214/31803615_digital-image.png"
"Vivess Glas-Abdeckung Silikon","Vivess","4388860453836","1.99","1 Stück","Küche & Haushalt","False","https://img.rewe-static.de/8381701/31740828_digital-image.png"
"Vivess Kellnermesser 3in1","Vivess","4388860623017","6.99","1 Stück","Küche & Haushalt","False","https://img.rewe-static.de/8296095/30476111_digital-image.png"
"Vivess Kuchengitter 32cm","Vivess","4388860451375","4.99","1 Stück","Küche & Haushalt","False","https://img.rewe-static.de/8380484/31874822_digital-image.png"
"Vivess Limettenpresse","Vivess","4388860437287","4.99","1 Stück","Küche & Haushalt","False","https://img.rewe-static.de/8382821/31740833_digital-image.png"
"Vivess Mehrzweckpresse mit 3 Einsätzen","Vivess","4388860453157","9.99","1 Stück","Küche & Haushalt","False","https://img.rewe-static.de/8033111/31617734_digital-image.png"
"Vivess Puddingförmchen 6 Stück","Vivess","4388860734737","5.99","6 Stück","Küche & Haushalt","False","https://img.rewe-static.de/8379985/31617827_digital-image.png"
"Vivess Schaber Set","Vivess","4388860449761","3.49","1 Stück","Küche & Haushalt","False","https://img.rewe-static.de/8382187/31628171_digital-image.png"
"Vivess Schalen Bagasse weiß 13cm 4 Stück","Vivess","4337256755771","1.99","4 Stück","Küche & Haushalt","False","https://img.rewe-static.de/9032354/43731276_digital-image.png"
"Vivess Schälmesser","Vivess","4388860447835","6.99","1 Stück","Küche & Haushalt","False","https://img.rewe-static.de/8031322/31617977_digital-image.png"
"Vivess Snackbox mit Motiv 6 Stück","NA","4337256752428","2.29","6 Stück","Küche & Haushalt","False","https://img.rewe-static.de/7558500/43788268_digital-image.png"
"Vivess Spülbecken-Einlage individuell zuschneidbar 29x29cm","Vivess","4388860443745","2.49","1 Stück","Küche & Haushalt","False","https://img.rewe-static.de/8382272/32616124_digital-image.png"
"Vivess Stanzservietten Kuh 12 Stück","Vivess","4337256182478","2.49","12 Stück","Küche & Haushalt","False","https://img.rewe-static.de/8524951/34700879_digital-image.png"
"Vivess Steakmesser","Vivess","4388860446425","4.99","1 Stück","Küche & Haushalt","False","https://img.rewe-static.de/8032027/31628160_digital-image.png"
"Vivess Tortenbodenform 1 Stück","Vivess","4006932792552","6.99","1 Stück","Küche & Haushalt","False","https://img.rewe-static.de/8331551/31097589_digital-image.png"
"Windmühlenmesser Gemüsemesser mit Kunststoffgriff","Windmühlenmesser","4002108316744","14.99","1 Stück","Küche & Haushalt","False","https://img.rewe-static.de/8567439/41591653_digital-image.png"
"Windmühlenmesser Rotbuche","Windmühlenmesser","4002108264298","14.99","1 Stück","Küche & Haushalt","False","https://img.rewe-static.de/7997020/41591651_digital-image.png"
"Schale 12x6cm 1 Stück","NA","4009017290677","1.0","1 Stück","Küche & Haushalt","False","https://img.rewe-static.de/1220108/43059799_digital-image.png"
"Vivess Renovierungs-Set 8-teilig","Vivess","4337256547031","6.99","1 Stück","Küche & Haushalt","False","https://img.rewe-static.de/8868989/39907913_digital-image.png"
"Vivess Universalbinder 90 Stück in drei Längen","Vivess","4337256559744","1.99","1 Stück","Küche & Haushalt","False","https://img.rewe-static.de/8873703/40820110_digital-image.png"
"ja! Recycling 33% Küchentücher 4x128 Blatt","ja!","4337256330220","2.85","4x128 Stück","Küche & Haushalt","False","https://img.rewe-static.de/7859828/35760632_digital-image.png"
"ja! Backpapierzuschnitte 30 Stück","ja!","4337256677165","0.95","30 Stück","Küche & Haushalt","False","https://img.rewe-static.de/1317360/17308520_digital-image.png"
"ja! Geschirr-Reiniger 40 Tabs All-in-1 840g","ja!","4337256476492","3.95","840g (1 kg = 4,70 €)","Küche & Haushalt","False","https://img.rewe-static.de/8075412/30678903_digital-image.png"
"ja! Butterbrot Tüten 100 Stück","ja!","4337256298704","1.45","100 Stück","Küche & Haushalt","False","https://img.rewe-static.de/8633128/34047164_digital-image.png"
"ja! Haushaltshandschuhe Gr. M 1 Paar","ja!","4337256434690","0.59","1 Stück","Küche & Haushalt","False","https://img.rewe-static.de/8741968/39251862_digital-image.png"
"ja! Müllsäcke 60l mit Zugbeutel 25 Stück","ja!","4337256684262","2.49","25 Stück","Küche & Haushalt","False","https://img.rewe-static.de/8303970/30121501_digital-image.png"
"ja! Mülleimer-Beutel + Tragegriff 35l, 25 Stück","ja!","4337256659703","1.19","25 Stück","Küche & Haushalt","False","https://img.rewe-static.de/1947887/25879568_digital-image.png"
"ja! Alufolie 50m","ja!","4337256655873","2.92","50m (1 m  = 0,06 €)","Küche & Haushalt","False","https://img.rewe-static.de/2105247/26753859_digital-image.png"
"ja! Haushaltshandschuhe Gr. L 1 Paar","ja!","4337256434683","0.59","1 Stück","Küche & Haushalt","False","https://img.rewe-static.de/7802963/39251851_digital-image.png"
"ja! Servietten weiß 30 Stück","ja!","4388840024308","0.85","1 Stück","Küche & Haushalt","False","https://img.rewe-static.de/8130620/39525813_digital-image.png"
"ja! Gummiringe 48g","ja!","4388860588262","0.79","48g (1 kg = 16,46 €)","Küche & Haushalt","False","https://img.rewe-static.de/8270196/29646837_digital-image.png"
"ja! Duft-Müllbeutel mit Tragegriff 35l Limette 30 Stück","ja!","4337256695114","1.49","30 Stück","Küche & Haushalt","False","https://img.rewe-static.de/7647161/42135794_digital-image.png"
"ja! Feuchte Bodentücher Parkett & Laminat 15 Stück","ja!","4337256052931","1.89","15 Stück","Küche & Haushalt","False","https://img.rewe-static.de/8439197/31637824_digital-image.png"
"ja! Essigreiniger 1l","ja!","4337256483018","0.85","1l","Küche & Haushalt","False","https://img.rewe-static.de/7900645/34602184_digital-image.png"
"ja! Mehrweg Frische-Deckel für 500g Becher 2 Stück","ja!","4388860452556","0.99","2 Stück","Küche & Haushalt","False","https://img.rewe-static.de/8381825/39612260_digital-image.png"
"ja! Motiv-Servietten Floral 40 Stück","ja!","4388860699715","1.29","40 Stück","Küche & Haushalt","False","https://img.rewe-static.de/8329329/37758246_digital-image.png"
"ja! Feinwaschmittel Sensitiv 1,5l 37WL","ja!","4337256714938","1.99","1,50l (1 l = 1,33 €)","Küche & Haushalt","False","https://img.rewe-static.de/8631710/38785555_digital-image.png"
"ja! Müllbeutel mit Tragegriff 50l 20 Stück","ja!","4337256680080","0.55","20 Stück","Küche & Haushalt","False","https://img.rewe-static.de/2773176/25523360_digital-image.png"
"ja! Universalverschlüsse 10 Stück","ja!","4388860588682","1.49","10 Stück","Küche & Haushalt","False","https://img.rewe-static.de/8281200/29651064_digital-image.png"
"ja! Präge-Servietten weiß 100 Stück","ja!","4388840024292","0.99","100 Stück","Küche & Haushalt","False","https://img.rewe-static.de/8130280/26403506_digital-image.png"
"ja! Einmalhandschuhe Größe M/L 100 Stück","ja!","4337256317443","6.95","100 Stück","Küche & Haushalt","False","https://img.rewe-static.de/7833020/34696164_digital-image.png"
"ja! Klarspüler 1l","ja!","4337256776929","0.95","1l","Küche & Haushalt","False","https://img.rewe-static.de/8059677/30791805_digital-image.png"
"ja! Küchenmesser 2 Stück","ja!","4388860636468","1.99","2 Stück","Küche & Haushalt","False","https://img.rewe-static.de/8081196/29611296_digital-image.png"
"ja! Power Reiniger Kalk & Schmutz 750ml","ja!","4337256687713","1.45","750ml","Küche & Haushalt","False","https://img.rewe-static.de/7649671/43333593_digital-image.png"
"ja! Müllbeutel mit Zugband 60l, 30 Stück","ja!","4337256678988","1.65","30 Stück","Küche & Haushalt","False","https://img.rewe-static.de/0119149/26421783_digital-image.png"
"ja! Biokompostbeutel 10l 20 Stück","ja!","4337256316132","1.49","20 Stück","Küche & Haushalt","False","https://img.rewe-static.de/8403753/31275745_digital-image.png"
"ja! Servietten champagner 30 Stück","ja!","4388833884766","0.85","1 Stück","Küche & Haushalt","False","https://img.rewe-static.de/0875402/39525815_digital-image.png"
"ja! Feuchte Allzwecktücher Pure Frische 80 Stück","ja!","4337256564427","1.49","80 Stück","Küche & Haushalt","False","https://img.rewe-static.de/4509099/1681490_digital-image.png"
"ja! Gefrierbeutel mit Verschlussclips 3l, 75 Stück","ja!","4337256666954","1.25","75 Stück","Küche & Haushalt","False","https://img.rewe-static.de/7772101/36666928_digital-image.png"
"ja! Scheuermilch mit Zitrusfrische 750ml","ja!","4337256702294","0.85","750ml (1 l = 1,13 €)","Küche & Haushalt","False","https://img.rewe-static.de/1311131/1807780_digital-image.png"
"ja! Einmalhandschuhe Größe S/M 100 Stück","ja!","4337256318778","6.95","100 Stück","Küche & Haushalt","False","https://img.rewe-static.de/8642283/34696356_digital-image.png"
"ja! Muffinförmchen 200 Stück weiß","ja!","4388860627206","1.99","200 Stück","Küche & Haushalt","False","https://img.rewe-static.de/8084761/29611454_digital-image.png"
"ja! Feinwaschmittel Black Flüssig 1,5l, 37WL","ja!","4337256713788","1.99","1,50l (1 l = 1,33 €)","Küche & Haushalt","False","https://img.rewe-static.de/7897614/38785551_digital-image.png"
"ja! Backpapier Rolle 20m","ja!","4337256681919","1.59","20m (1 m = 0,08 €)","Küche & Haushalt","False","https://img.rewe-static.de/7218643/27683607_digital-image.png"
"ja! Feuchte Bodentücher für glatte Böden 15 Stück","ja!","4337256057134","1.89","15 Stück","Küche & Haushalt","False","https://img.rewe-static.de/8439989/31637542_digital-image.png"
"ja! Spülmittelkonzentrat Ultra Power 5-in-1 500ml","ja!","4337256487924","1.35","500ml","Küche & Haushalt","False","https://img.rewe-static.de/7990169/31887556_digital-image.png"
"ja! Frischhaltefolie 75m","ja!","4337256665865","1.1","75m (1 m  = 0,01 €)","Küche & Haushalt","False","https://img.rewe-static.de/2105216/26762675_digital-image.png"
"ja! WC-Bürste weiß","ja!","4337256143295","0.79","1 Stück","Küche & Haushalt","False","https://img.rewe-static.de/8497195/32288520_digital-image.png"
"ja! Geschirrspülmittel Zitrone 1l","ja!","4337256484305","0.95","1l","Küche & Haushalt","False","https://img.rewe-static.de/8335264/30158318_digital-image.png"
"ja! Mülleimer-Beutel mit Tragegriff 25l, 30 Stück","ja!","4337256682008","0.65","30 Stück","Küche & Haushalt","False","https://img.rewe-static.de/1098419/25879506_digital-image.png"
"ja! Badreiniger Lemon 1l","ja!","4337256761789","0.95","1l","Küche & Haushalt","False","https://img.rewe-static.de/8591851/33445806_digital-image.png"
"ja! Servietten grün 30 Stück","ja!","4388840024315","0.85","1 Stück","Küche & Haushalt","False","https://img.rewe-static.de/8130540/26403460_digital-image.png"
"ja! Party Servietten 40 Stück","ja!","4337256414395","1.29","40 Stück","Küche & Haushalt","False","https://img.rewe-static.de/8724436/36255666_digital-image.png"
"ja! Servietten eskimo mint 30 Stück","ja!","4388844237483","0.85","30 Stück","Küche & Haushalt","False","https://img.rewe-static.de/3043328/39525816_digital-image.png"
"ja! Kaffee-Filter Größe 4, 100 Stück","ja!","4388860373257","0.79","NA","Küche & Haushalt","False","https://img.rewe-static.de/2755729/25102172_digital-image.png"
"ja! Glasreiniger Ocean 1l","ja!","4337256789288","0.95","1l","Küche & Haushalt","False","https://img.rewe-static.de/8595918/34624627_digital-image.png"
"ja! Haushaltsschwamm 9 Stück","ja!","4337256191708","0.99","9 Stück","Küche & Haushalt","False","https://img.rewe-static.de/8537447/39525671_digital-image.png"
"ja! Schwammtuch 5 Stück","ja!","4388840028764","0.95","5 Stück","Küche & Haushalt","False","https://img.rewe-static.de/0702501/31099527_digital-image.png"
"ja! Feuchte Allzwecktücher Limonen-Frische 80 Stück","ja!","4337256572972","1.49","80 Stück","Küche & Haushalt","False","https://img.rewe-static.de/0588221/2159150_digital-image.png"
"ja! Kosmetikeimer-Beutel 75 Stück","ja!","4337256671217","0.75","75 Stück","Küche & Haushalt","False","https://img.rewe-static.de/1956646/21521526_digital-image.png"
"ja! Küchentücher 3lagig 8x128 Blatt","ja!","4337256332200","5.49","8x128 Stück","Küche & Haushalt","False","https://img.rewe-static.de/7827400/35760627_digital-image.png"
"ja! WC-Reiniger Tabs 400g","ja!","4337256542227","1.79","400g (1 kg = 4,48 €)","Küche & Haushalt","False","https://img.rewe-static.de/8421295/31063980_digital-image.png"
"ja! Spülbürste rund 1 Stück","ja!","4388860640069","0.79","1 Stück","Küche & Haushalt","False","https://img.rewe-static.de/8300853/31099816_digital-image.png"
"ja! Frühstücksbeutel 120 Stück","ja!","4337256234771","0.55","120 Stück","Küche & Haushalt","False","https://img.rewe-static.de/7913504/35817347_digital-image.png"
"ja! Müllsäcke 120l, 20 Stück","ja!","4337256675796","2.99","20 Stück","Küche & Haushalt","False","https://img.rewe-static.de/2825703/25523317_digital-image.png"
"ja! Spül- & Haushaltstuch 6 Stück","ja!","4388840028719","0.95","6 Stück","Küche & Haushalt","False","https://img.rewe-static.de/0702528/650090_digital-image.png"
"ja! Topfreiniger 6 Stück","ja!","4337256684873","0.75","6 Stück","Küche & Haushalt","False","https://img.rewe-static.de/8977729/41729911_digital-image.png"
"ja! WC-Reiniger Ocean 1l","ja!","4337256481045","0.95","1l","Küche & Haushalt","False","https://img.rewe-static.de/8592998/34624623_digital-image.png"
"ja! CO₂ Füllung 60l","ja!","4388860439359","5.55","1 Stück","Küche & Haushalt","False","https://img.rewe-static.de/8033284/35209685_digital-image.png"
"Erdbeeren 500g","NA","4050373099862","3.79","500g (1 kg = 7,58 €)","Monats-Highlights","False","https://img.rewe-static.de/1098629/23731060_digital-image.png"
"REWE Beste Wahl Bäcker-Brötchen 360g","REWE Beste Wahl","4337256737944","0.99","360g (1 kg = 2,75 €)","Monats-Highlights","False","https://img.rewe-static.de/0138469/22496040_digital-image.png"
"Pringles Sour Cream & Onion Chips 165g","Pringles","5053990127740","2.49","165g (1 kg = 15,09 €)","Monats-Highlights","False","https://img.rewe-static.de/3552434/42866554_digital-image.png"
"REWE Beste Wahl Laugenstangen 700g","REWE Beste Wahl","4337256743914","1.99","718g (1 kg = 2,77 €)","Monats-Highlights","False","https://img.rewe-static.de/2061726/25469240_digital-image.png"
"Kinder Schoko-Bons 300g","Kinder","4008400280127","4.99","300g (1 kg = 16,63 €)","Monats-Highlights","False","https://img.rewe-static.de/0762600/8703610_digital-image.png"
"McCain Golden Longs 1kg","McCain","8710438035636","4.89","1000g","Monats-Highlights","False","https://img.rewe-static.de/6720617/27860518_digital-image.png"
"Butcher's Burger Brioche Burger Buns 4 Stück","Butcher's Burger","4337256191371","1.69","250g (1 kg = 6,76 €)","Monats-Highlights","False","https://img.rewe-static.de/7937367/32850158_digital-image.png"
"REWE Beste Wahl Mini Laugen-Mix 10er","REWE Beste Wahl","4337256742122","2.69","518g (1 kg = 5,19 €)","Monats-Highlights","False","https://img.rewe-static.de/8283301/29387408_digital-image.png"
"Pfanner Mystery Eistee Teil 1 2l","Pfanner","9006900228828","1.99","2l (1 l = 1 €)","Monats-Highlights","False","https://img.rewe-static.de/9048282/42282392_digital-image.png"
"Sinnack Bio Steinofen Baguette Weizen 250g","Sinnack","4009097033706","1.49","250g (1 kg = 5,96 €)","Monats-Highlights","False","https://img.rewe-static.de/8163293/46936768_digital-image.png"
"M&M's Peanut 250g","M&M's","4011100005846","3.99","250g (1 kg = 15,96 €)","Monats-Highlights","False","https://img.rewe-static.de/4348150/22301397_digital-image.png"
"Capri-Sun Elfentrank Multipack 10x0,2l","Capri-Sun","4000177170717","3.49","10x0,20l (1 l = 1,75 €)","Monats-Highlights","True","https://img.rewe-static.de/1449587/26223109_digital-image.png"
"Capri-Sun Monsteralarm Multipack 10x0,2l","Capri-Sun","4000177171929","3.49","10x0,20l (1 l = 1,75 €)","Monats-Highlights","True","https://img.rewe-static.de/2100695/26223011_digital-image.png"
"REWE Beste Wahl Marshmallows 300g","REWE Beste Wahl","4337256803458","1.79","300g (1 kg = 5,97 €)","Monats-Highlights","False","https://img.rewe-static.de/7196860/27566591_digital-image.png"
"Oryza Ideal-Reis 1kg","Oryza","4006237620116","2.99","1000g","Monats-Highlights","False","https://img.rewe-static.de/5272297/6668720_digital-image.png"
"Nestlé Smarties Bunte Schokolinsen Mini Schachteln 187g","SMARTIES","7613287110688","4.49","187g (1 kg = 24,01 €)","Monats-Highlights","False","https://img.rewe-static.de/2749243/24897663_digital-image.png"
"Tassimo Kaffeekapseln Morning Café mild & smooth 147g, 21 Kapseln","Tassimo","8711000852552","5.79","147g (1 kg = 39,39 €)","Monats-Highlights","False","https://img.rewe-static.de/8026796/31503300_digital-image.png"
"Jules Mumm Sekt Medium trocken 0,75l","Jules Mumm","4011900535109","5.49","0,75l (1 l = 7,32 €)","Monats-Highlights","False","https://img.rewe-static.de/3066045/2414900_digital-image.png"
"REWE Beste Wahl Chicken Cheese Nuggets 400g","REWE Beste Wahl","4337256286664","3.99","400g (1 kg = 9,98 €)","Monats-Highlights","False","https://img.rewe-static.de/8614613/34995140_digital-image.png"
"Pringles Sweet Paprika Chips 165g","Pringles","5053990175123","2.49","165g (1 kg = 15,09 €)","Monats-Highlights","False","https://img.rewe-static.de/7596061/42866906_digital-image.png"
"Desperados Original 4x0,33l","Desperados","4002631040505","6.49","4x0,33l (1 l = 4,92 €)","Monats-Highlights","False","https://img.rewe-static.de/4892976/2995400_digital-image.png"
"REWE Beste Wahl Schlagsahne 500g","REWE Beste Wahl","4337256554640","2.89","500g (1 kg = 5,78 €)","Monats-Highlights","False","https://img.rewe-static.de/0112068/20937927_digital-image.png"
"Babytime Feuchttücher sensitiv 2x80 Stück","Babytime","21337345","1.95","2x80 Stück","Monats-Highlights","False","https://img.rewe-static.de/8320041/29927825_digital-image.png"
"Coca-Cola 6x2l","Coca-Cola","5000112547429","13.14","6x2l (1 l = 1,10 €)","Monats-Highlights","False","https://img.rewe-static.de/6730825/2175310_digital-image.png"
"REWE Beste Wahl Fettarmer Joghurt mild 1,5 % Fett 1kg","REWE Beste Wahl","4337256651790","1.79","1kg","Monats-Highlights","False","https://img.rewe-static.de/8082671/29753704_digital-image.png"
"Pfanner Ice Tea Wildkirsche 2l","Pfanner","9006900014810","1.99","2l (1 l = 1 €)","Monats-Highlights","False","https://img.rewe-static.de/5356512/2821610_digital-image.png"
"REWE Beste Wahl Erbsen mit Möhrchen gefroren 1kg","REWE Beste Wahl","4337256688710","2.99","1000g","Monats-Highlights","False","https://img.rewe-static.de/8983596/41493212_digital-image.png"
"Pfanner Ice Tea Mango-Maracuja 2l","Pfanner","9006900207182","1.99","2l (1 l = 1 €)","Monats-Highlights","False","https://img.rewe-static.de/0531214/23715954_digital-image.png"
"Kinder Kinderini 250g","Kinder","8000500391228","3.49","250g (1 kg = 13,96 €)","Monats-Highlights","False","https://img.rewe-static.de/9030601/43928698_digital-image.png"
"Katjes Wunderland Rainbow Edition vegan 175g","Katjes","4037400344799","1.19","175g (1 kg = 6,80 €)","Monats-Highlights","False","https://img.rewe-static.de/7661802/40286110_digital-image.png"
"Kikkoman Sojasauce 500ml","Kikkoman","8715035110502","6.99","500ml (1 l = 13,98 €)","Monats-Highlights","False","https://img.rewe-static.de/2487834/29387615_digital-image.png"
"Coca-Cola 10x0,33l","Coca-Cola","5000112612288","9.9","10x0,33l (1 l = 3 €)","Monats-Highlights","False","https://img.rewe-static.de/1403832/29087987_digital-image.png"
"REWE Stuffed Crust Pizza Salami 472g","REWE Beste Wahl","4337256762601","3.79","472g (1 kg = 8,03 €)","Monats-Highlights","False","https://img.rewe-static.de/7904821/33508997_digital-image.png"
"REWE Beste Wahl Premium Rindfleischfrikadellen 6x40g, 240g","REWE Beste Wahl","4337256278218","2.99","240g (1 kg = 12,46 €)","Monats-Highlights","False","https://img.rewe-static.de/8400502/30959082_digital-image.png"
"Corny Free Peanut & Choc 6x20g","CORNY","4011800000134","1.79","6x20g","Monats-Highlights","False","https://img.rewe-static.de/9929876/47382343_digital-image.png"
"Celebrations Pralinen Mix 269g","Celebrations","5000159500296","5.49","269g (1 kg = 20,41 €)","Monats-Highlights","False","https://img.rewe-static.de/3142097/26994300_digital-image.png"
"Pfanner Ice Tea Time to Melonice Wassermelone 2l","Pfanner","9006900226589","1.99","2l (1 l = 1 €)","Monats-Highlights","False","https://img.rewe-static.de/8710404/35463825_digital-image.png"
"Thomy Delikatess-Mayonnaise mit reinem Sonnenblumenöl 500ml","Thomy","4005500087083","3.39","500ml (1 l = 6,78 €)","Monats-Highlights","False","https://img.rewe-static.de/5896568/1855390_digital-image.png"
"Butcher's Burger Wagyu Beef Burger Patties 230g","Butcher's Burger","4337256423090","5.55","230g (1 kg = 24,13 €)","Monats-Highlights","True","https://img.rewe-static.de/8736116/35959929_digital-image.png"
"Yogi Tea Bio Tee Classic 37,4g 17 Beutel","Yogi Tea","4012824400016","2.75","37,40g (1 kg = 73,53 €)","Monats-Highlights","False","https://img.rewe-static.de/1383241/20285065_digital-image.png"
"Ostmann Bunter Pfeffer Gewürzmischung 70g","Ostmann","4002674074482","3.69","70g (1 kg = 52,71 €)","Monats-Highlights","False","https://img.rewe-static.de/4590031/7462140_digital-image.png"
"Treets The Peanut Company 185g","Treets","4000281332513","1.79","185g (1 kg = 9,68 €)","Monats-Highlights","False","https://img.rewe-static.de/8808255/36633774_digital-image.png"
"Beyond Meat Beyond Burger vegan 226g","Beyond Meat","1230000068017","3.99","226g (1 kg = 17,65 €)","Monats-Highlights","False","https://img.rewe-static.de/7815185/35453040_digital-image.png"
"Butcher's Burger Sesam Burger Buns 4 Stück","Butcher's Burger","21169779","1.19","300g (1 kg = 3,97 €)","Monats-Highlights","False","https://img.rewe-static.de/7219821/32510789_digital-image.png"
"Chio Dip! Mild Salsa 200ml","Chio","4001242108222","2.49","200ml (1 l = 12,45 €)","Monats-Highlights","False","https://img.rewe-static.de/7838071/35802342_digital-image.png"
"Ben's Original Basmati-Reis im Beutel 1kg","Ben's Original","5410673004635","5.49","1000g","Monats-Highlights","False","https://img.rewe-static.de/2266728/26835382_digital-image.png"
"Rügenwalder Mühle Mühlen-Frikadellen klassisch 165g","Rügenwalder Mühle","4000405002612","1.99","165g (1 kg = 12,06 €)","Monats-Highlights","True","https://img.rewe-static.de/1402243/20251340_digital-image.png"
"Doritos Sweet Chili Pepper 110g","Doritos","4062139006052","1.19","110g (1 kg = 10,82 €)","Monats-Highlights","True","https://img.rewe-static.de/7795063/35974220_digital-image.png"
"Iglo Kräuter Zwiebel-Duo 70g","Iglo","4250241208864","1.29","70g (1 kg = 18,43 €)","Monats-Highlights","False","https://img.rewe-static.de/7837659/35150479_digital-image.png"
"Meica Truemans American Hot-Dog 350g","Meica","4000503122403","3.49","350g (1 kg = 9,97 €)","Monats-Highlights","True","https://img.rewe-static.de/8568677/3184730_digital-image.png"
"Iglo Rahmspinat 1,3kg","Iglo","4250241202787","4.49","1300g (1 kg = 3,45 €)","Monats-Highlights","False","https://img.rewe-static.de/0951475/23749342_digital-image.png"
"Heinz Tomato Ketchup 220ml","Heinz","87157215","2.29","220ml (1 l = 10,41 €)","Monats-Highlights","False","https://img.rewe-static.de/1085756/29228064_digital-image.png"
"De Beukelaer Kex Farmer Cookies X-tra viel Schokolade 150g","De Beukelaer","4001518009314","1.89","150g (1 kg = 12,60 €)","Monats-Highlights","False","https://img.rewe-static.de/5134706/10360210_digital-image.png"
"Haribo Color-Rado Party Box 750g","Haribo","4001686002513","4.69","750g (1 kg = 6,25 €)","Monats-Highlights","False","https://img.rewe-static.de/9028038/42121905_digital-image.png"
"Meßmer Klassik 88g, 50 Beutel","Meßmer","4001257219005","3.99","87,50g (1 kg = 45,60 €)","Monats-Highlights","False","https://img.rewe-static.de/9530827/22030655_digital-image.png"
"Haribo Phantasia Party Box 750g","Haribo","4001686002490","4.69","750g (1 kg = 6,25 €)","Monats-Highlights","False","https://img.rewe-static.de/7622563/42121899_digital-image.png"
"Red Bull Energy Drink 4x0,25l","Red Bull","9002490203658","3.8","4x0,25l","Monats-Highlights","True","https://img.rewe-static.de/2843250/698730_digital-image.png"
"nimm2 Bonbons 429g","Nimm2","4014400917772","1.99","429g (1 kg = 4,64 €)","Monats-Highlights","False","https://img.rewe-static.de/1485028/20729017_digital-image.png"
"Popp Delikatess Mayonnaise 650ml","Popp","4045800783018","3.59","650ml (1 l = 5,52 €)","Monats-Highlights","False","https://img.rewe-static.de/7608795/42309695_digital-image.png"
"Lorenz NicNac's Original XL Fun Pack 170g","Lorenz","4018077007095","2.99","170g (1 kg = 17,59 €)","Monats-Highlights","False","https://img.rewe-static.de/8941026/39709437_digital-image.png"
"Zimbo Schinken Zwiebelmettwurst 120g","Zimbo","4063761540068","1.79","120g (1 kg = 14,92 €)","Monats-Highlights","False","https://img.rewe-static.de/0544307/5221300_digital-image.png"
"Hellmann's Real Salatmayonnaise 250ml","Hellmann's","8710522633830","1.49","250ml (1 l = 5,96 €)","Monats-Highlights","True","https://img.rewe-static.de/8893655/38877132_digital-image.png"
"REWE Beste Wahl Grünkohl 1kg","REWE Beste Wahl","4337256719414","2.19","1000g","Monats-Highlights","False","https://img.rewe-static.de/7115374/27314122_digital-image.png"
"Hansano Frische Schlagsahne 30% 500g","Hansano","4016241020161","2.79","500g (1 kg = 5,58 €)","Monats-Highlights","False","https://img.rewe-static.de/0151818/4770910_digital-image.png"
"Gösser Natur Radler 0,5l","Gösser","9028800638644","1.09","0,50l (1 l = 2,18 €)","Monats-Highlights","False","https://img.rewe-static.de/2828882/25247324_digital-image.png"
"Butchers Burger Beef 230g","Butcher's Burger","4337256302302","3.99","230g (1 kg = 17,35 €)","Monats-Highlights","False","https://img.rewe-static.de/8635018/34451609_digital-image.png"
"Haribo Fresh'n Fruity Party Box 750g","Haribo","4001686003428","4.69","750g (1 kg = 6,25 €)","Monats-Highlights","False","https://img.rewe-static.de/9026249/42491131_digital-image.png"
"Weideglück Milchreis nach klassischer Art 800g","Weideglück","4028900010000","2.79","800g (1 kg = 3,49 €)","Monats-Highlights","False","https://img.rewe-static.de/0204453/2896360_digital-image.png"
"Lay's Bugles Nacho Cheese 75g","Lay's","4062139009879","1.19","75g (1 kg = 15,87 €)","Monats-Highlights","True","https://img.rewe-static.de/7599089/42866157_digital-image.png"
"REWE Beste Wahl Käse-Würfel aus altem Gouda 175g","REWE Beste Wahl","4337256849401","2.99","175g (1 kg = 17,09 €)","Monats-Highlights","False","https://img.rewe-static.de/9015613/42761656_digital-image.png"
"Zuivelhoeve Vla-Genuss Duo-Vla Vanille-Schokolade 800g","Zuivelhoeve","8711399012599","2.59","800g (1 kg = 3,24 €)","Monats-Highlights","False","https://img.rewe-static.de/0455072/2552040_digital-image.png"
"REWE Beste Wahl Sweet Chilisauce 700ml","REWE Beste Wahl","4337256469913","2.99","700ml (1 l = 4,27 €)","Monats-Highlights","False","https://img.rewe-static.de/2719109/25294487_digital-image.png"
"Colgate Zahnbürste Extra Clean Mittel 3 Stück","Colgate","8714789365152","1.99","3 Stück","Monats-Highlights","False","https://img.rewe-static.de/0301429/10037330_digital-image.png"
"Doritos Paprika 110g","Doritos","4062139005826","1.19","110g (1 kg = 10,82 €)","Monats-Highlights","True","https://img.rewe-static.de/8822160/36247726_digital-image.png"
"Ahoj-Brause Bonbons Box 125g","Ahoj-Brause","4033500101768","1.39","125g (1 kg = 11,12 €)","Monats-Highlights","False","https://img.rewe-static.de/7865341/2814960_digital-image.png"
"Coca-Cola 4x1,5l","Coca-Cola","5000112547733","4.76","4x1,50l (1 l = 0,79 €)","Monats-Highlights","True","https://img.rewe-static.de/6731201/2325040_digital-image.png"
"Persil Colorwaschmittel Pulver 4,5kg 75WL","Persil","4015200034027","18.99","4,50kg (1 kg = 4,22 €)","Monats-Highlights","False","https://img.rewe-static.de/9041918/42558761_digital-image.png"
"Kühne Burger Gurken würzig-süß 185g","Kühne","40198682","2.19","185g (1 kg = 11,84 €)","Monats-Highlights","False","https://img.rewe-static.de/8226479/29329585_digital-image.png"
"Ültje Fusion Peanut BBQ Honey 150g","Ültje","4004980409705","1.99","150g (1 kg = 13,27 €)","Monats-Highlights","False","https://img.rewe-static.de/8972102/41445395_digital-image.png"
"Frosch Spiritus Glas-Reiniger Nachfüller 950ml","Frosch","4001499953958","2.69","950ml (1 l = 2,83 €)","Monats-Highlights","False","https://img.rewe-static.de/7960525/32049988_digital-image.png"
"REWE Beste Wahl Mini Donuts 273g","REWE Beste Wahl","4388844147935","2.49","273g (1 kg = 9,12 €)","Monats-Highlights","False","https://img.rewe-static.de/2146674/23101944_digital-image.png"
"Thomy Mittelscharfer Delikatess Senf 200ml","Thomy","40056050","1.39","200ml (1 l = 6,95 €)","Monats-Highlights","False","https://img.rewe-static.de/0101486/3144530_digital-image.png"
"Miracel Whip Salatcreme Balance 10% 500ml","Miracel Whip","4000339457823","2.65","500ml (1 l = 5,30 €)","Monats-Highlights","False","https://img.rewe-static.de/9767517/2438220_digital-image.png"
"Schilkin Berliner Luft Pfefferminz Likör 0,7l","Schilkin","4013228325202","7.99","0,70l (1 l = 11,41 €)","Monats-Highlights","False","https://img.rewe-static.de/0109996/3062710_digital-image.png"
"Wodka Gorbatschow 0,7l","Wodka Gorbatschow","4003310013759","6.49","0,70l (1 l = 9,27 €)","Monats-Highlights","True","https://img.rewe-static.de/4547063/30119827_digital-image.png"
"Pfanner Ice Tea Waldbeere 2l","Pfanner","9006900014803","1.99","2l (1 l = 1 €)","Monats-Highlights","False","https://img.rewe-static.de/1407287/1858630_digital-image.png"
"Pringles Classic Paprika Chips 165g","Pringles","5053990162413","2.49","165g (1 kg = 15,09 €)","Monats-Highlights","False","https://img.rewe-static.de/9069948/42866547_digital-image.png"
"Hellmann's Cheese Style Sauce 250ml","Hellmann's","8720182301734","1.49","250ml (1 l = 5,96 €)","Monats-Highlights","True","https://img.rewe-static.de/7816795/35690329_digital-image.png"
"Pepsi Cola Zero Zucker 6x1,25l","Pepsi","4062139025305","4.74","6x1,25l (1 l = 0,63 €)","Monats-Highlights","True","https://img.rewe-static.de/9070511/43268200_digital-image.png"
"REWE Beste Wahl Gnocchi 1kg","REWE Beste Wahl","4337256675017","3.69","1000g","Monats-Highlights","False","https://img.rewe-static.de/0941231/22780767_digital-image.png"
"Zimbo Zwiebelmettwurst fein 120g","Zimbo","4063761540051","1.79","120g (1 kg = 14,92 €)","Monats-Highlights","False","https://img.rewe-static.de/0544303/9539740_digital-image.png"
"Butcher's Burger Angus Irish Beef Burger Patties 230g","Butcher's Burger","4337256189897","3.99","230g (1 kg = 17,35 €)","Monats-Highlights","False","https://img.rewe-static.de/7938024/33031415_digital-image.png"
"Iglo Chicken Nuggets Classic 250g","Iglo","4250241209724","3.99","250g (1 kg = 15,96 €)","Monats-Highlights","False","https://img.rewe-static.de/9102046/43858289_digital-image.png"
"Popp Cole Slaw Salat 400g","Popp","4045800475197","2.49","400g (1 kg = 6,23 €)","Monats-Highlights","False","https://img.rewe-static.de/7043188/27901375_digital-image.png"
"Capri-Sun Kirsche Multipack 10x0,2l","Capri-Sun","4000177997000","3.49","10x0,20l (1 l = 1,75 €)","Monats-Highlights","True","https://img.rewe-static.de/3645983/26223101_digital-image.png"
"Lorenz NicNac's Big Original 110g","Lorenz","4018077760594","1.11","110g (1 kg = 10,09 €)","Monats-Highlights","True","https://img.rewe-static.de/8395939/30960969_digital-image.png"
"Heidemetzger Frühstücksmett traditionell 150g","Heidemetzger","4004787051947","2.59","150g (1 kg = 17,27 €)","Monats-Highlights","False","https://img.rewe-static.de/2111681/23475609_digital-image.png"
"Hitschler Hitschies Original Mix 210g","Hitschler","4100250006541","2.29","210g (1 kg = 10,90 €)","Monats-Highlights","False","https://img.rewe-static.de/8002544/31009580_digital-image.png"
"Diamant Weizenmehl extra Type 405 2,5kg","Diamant","4000406002819","2.89","2,50g (1 kg = 1,16 €)","Monats-Highlights","False","https://img.rewe-static.de/8908486/2506870_digital-image.png"
"Lenor Weichspüler Konzentrat Aprilfrisch Flasche - 1.7L - 68WL","Lenor","8700216283250","3.99","1700ml (1 l = 2,35 €)","Monats-Highlights","False","https://img.rewe-static.de/9150320/42364783_digital-image.png"
"Heineken 6x0,33l","Heineken","8712000029296","6.29","6x0,33l (1 l = 3,18 €)","Monats-Highlights","False","https://img.rewe-static.de/0701771/5260400_digital-image.png"
"Bonduelle Kidney-Bohnen 500g","Bonduelle","3083680019972","2.39","500g (1 kg = 4,78 €)","Monats-Highlights","False","https://img.rewe-static.de/4885597/8132340_digital-image.png"
"Coca-Cola Zero Sugar 12x0,5l","Coca-Cola","5449000134325","15.48","12x0,50l (1 l = 2,58 €)","Monats-Highlights","False","https://img.rewe-static.de/2833770/25365898_digital-image.png"
"Capri-Sun Jungle Drink 10x0,2l","Capri-Sun","4000177026700","3.49","10x0,20l (1 l = 1,75 €)","Monats-Highlights","True","https://img.rewe-static.de/8534052/33540527_digital-image.png"
"Doritos Nacho Cheese 110g","Doritos","4062139006038","1.19","110g (1 kg = 10,82 €)","Monats-Highlights","True","https://img.rewe-static.de/7794262/35855161_digital-image.png"
"Light Live Sparkling weiß alkoholfrei 0,75l","Light Live","4013100416653","3.79","0,75l (1 l = 5,05 €)","Monats-Highlights","False","https://img.rewe-static.de/5372380/5780320_digital-image.png"
"Rotkäppchen Sekt trocken 0,75l","Rotkäppchen-Mumm","4400066903417","4.99","0,75l (1 l = 6,65 €)","Monats-Highlights","False","https://img.rewe-static.de/6242901/3039910_digital-image.png"
"REWE Beste Wahl Prinzessbohnen im Speckmantel 360g","REWE Beste Wahl","4337256852883","3.99","360g (1 kg = 11,08 €)","Monats-Highlights","False","https://img.rewe-static.de/7569539/44315852_digital-image.png"
"Rotkäppchen Sekt Rosé trocken 0,75l","Rotkäppchen-Mumm","4014741003813","4.99","0,75l (1 l = 6,65 €)","Monats-Highlights","False","https://img.rewe-static.de/3007234/1807200_digital-image.png"
"Tulip Slow Cooked Spareribs 550g","Tulip","5707196180718","6.99","550g (1 kg = 12,71 €)","Monats-Highlights","False","https://img.rewe-static.de/2394701/23598743_digital-image.png"
"Rotkäppchen Fruchtsecco Granatapfel 0,75l","Rotkäppchen-Mumm","4014741641015","4.99","0,75l (1 l = 6,65 €)","Monats-Highlights","False","https://img.rewe-static.de/2115694/22265926_digital-image.png"
"Monster Energy 4x0,5l","Monster","5060517884406","4.99","4x0,50l (1 l = 2,50 €)","Monats-Highlights","False","https://img.rewe-static.de/7284378/33607180_digital-image.png"
"Hela Gewürzketchup Curry leicht scharf 800ml","Hela","4027400148039","1.99","800ml (1 l = 2,49 €)","Monats-Highlights","True","https://img.rewe-static.de/7632226/41788868_digital-image.png"
"REWE Beste Wahl Hot Dog Rolls Brioche 6 Stück","REWE Beste Wahl","4337256754453","2.49","270g (1 kg = 9,22 €)","Monats-Highlights","False","https://img.rewe-static.de/8273841/29260636_digital-image.png"
"Ostmann Thymian gerebelt 30g","Ostmann","4002674075809","2.99","30g (1 kg = 99,67 €)","Monats-Highlights","False","https://img.rewe-static.de/4240677/7472980_digital-image.png"
"Lindt Pralinés Hochfein 120g","Lindt","4000539124303","8.99","120g (1 kg = 74,92 €)","Monats-Highlights","False","https://img.rewe-static.de/2857107/25565485_digital-image.png"
"Heinz American Style Burger Sauce 220ml","Heinz","5900783007966","2.29","220ml (1 l = 10,41 €)","Monats-Highlights","False","https://img.rewe-static.de/2824894/35637912_digital-image.png"
"Vivess Holzgabel 20 Stück","Vivess","4388860734256","1.69","20 Stück","Monats-Highlights","False","https://img.rewe-static.de/8365656/30051091_digital-image.png"
"Vivess Holzmesser 20 Stück","Vivess","4388860733716","1.69","20 Stück","Monats-Highlights","False","https://img.rewe-static.de/8363825/30051089_digital-image.png"
"Cookie Bros Churros 240g","Cookie Bros.","4260611590987","3.79","240g (1 kg = 15,79 €)","Monats-Highlights","False","https://img.rewe-static.de/7718119/37721841_digital-image.png"
"fit Spülmittel Original 750ml","fit","4013162029051","2.19","750ml (1 l = 2,92 €)","Monats-Highlights","False","https://img.rewe-static.de/7935401/32273743_digital-image.png"
"Bonduelle Grüne Bohnen 440g","Bonduelle","3083681160901","2.39","440g (1 kg = 5,43 €)","Monats-Highlights","False","https://img.rewe-static.de/7707009/38309074_digital-image.png"
"Ostmann Zimt gemahlen 80g","Ostmann","4002674076158","3.69","80g (1 kg = 46,13 €)","Monats-Highlights","False","https://img.rewe-static.de/4244630/7468500_digital-image.png"
"Thomy Salat-Mayonnaise 500ml","Thomy","4005500087076","2.19","500ml (1 l = 4,38 €)","Monats-Highlights","False","https://img.rewe-static.de/4906411/3207620_digital-image.png"
"Head & Shoulders Anti-Schuppen Shampoo Classic Clean 500ml","Head & Shoulders","8001090896315","6.99","500ml (1 l = 13,98 €)","Monats-Highlights","False","https://img.rewe-static.de/2952310/26869223_digital-image.png"
"Bacardi Rum & Cola 0,25l","Bacardi","7610113017951","2.79","0,25l (1 l = 11,16 €)","Monats-Highlights","False","https://img.rewe-static.de/8723781/36970425_digital-image.png"
"Palmolive Flüssigseife Nachfüller Hygiene Plus 500ml","Palmolive","8718951460485","1.99","500ml (1 l = 3,98 €)","Monats-Highlights","False","https://img.rewe-static.de/7848378/41022358_digital-image.png"
"Yogi Tea Bio Tee Basische Kräuter 35,7g 17 Beutel","Yogi Tea","4012824404243","2.75","35,70g (1 kg = 77,03 €)","Monats-Highlights","False","https://img.rewe-static.de/3464808/30069816_digital-image.png"
"Gmyrek Frühstücksmett pikant 150g","Gmyrek","4004787051923","2.59","150g (1 kg = 17,27 €)","Monats-Highlights","False","https://img.rewe-static.de/2111686/23059159_digital-image.png"
"REWE Beste Wahl 4-Käse-Tortelloni 1kg","REWE Beste Wahl","4337256674812","4.99","1000g","Monats-Highlights","False","https://img.rewe-static.de/0118021/20677795_digital-image.png"
"Milram Grieß-Pudding 1kg","Milram","4036300117830","2.49","1g","Monats-Highlights","False","https://img.rewe-static.de/5096430/2506330_digital-image.png"
"La Cheteau Cremant de Loire Brut 0,75l","LaCheteau","3338580030924","6.99","0,75l (1 l = 9,32 €)","Monats-Highlights","False","https://img.rewe-static.de/0156894/2500420_digital-image.png"
"Hitschies Fruchtgummi-Schnüre 4 Farben 125g","Hitschler","4003840008188","1.39","125g (1 kg = 11,12 €)","Monats-Highlights","False","https://img.rewe-static.de/0363322/10503170_digital-image.png"
"Innocent Direktsaft Orange ohne Fruchtfleisch 1350ml","Innocent","5038862435178","4.49","1350ml (1 l = 3,33 €)","Monats-Highlights","False","https://img.rewe-static.de/8641384/34183479_digital-image.png"
"Mumm & Co Sekt Rosé trocken 0,75l","Mumm & Co.","4011900518102","3.99","0,75l (1 l = 5,32 €)","Monats-Highlights","True","https://img.rewe-static.de/0569967/35394505_digital-image.png"
"Mars Mixed Minis Schokoriegel 400g","Mars","5000159561204","5.29","400g (1 kg = 13,23 €)","Monats-Highlights","False","https://img.rewe-static.de/9052758/43186963_digital-image.png"
"Mumm & Co Sekt trocken 0,75l","Mumm & Co.","4011900511103","3.99","0,75l (1 l = 5,32 €)","Monats-Highlights","True","https://img.rewe-static.de/0416754/31069961_digital-image.png"
"Maggi 5 Minuten Terrine Kartoffelbrei mit Röstzwiebeln & Croutons XL 76g","Maggi","8445290135308","1.59","76g (1 kg = 20,92 €)","Monats-Highlights","False","https://img.rewe-static.de/8772572/37602626_digital-image.png"
"Minuto American Style Pancake Shaker 219g","NA","4002676650080","2.49","219g (1 kg = 11,37 €)","Monats-Highlights","False","https://img.rewe-static.de/9010917/42634261_digital-image.png"
"Erdinger Weißbier alkoholfrei 20x0,5l","Erdinger","4002103010104","19.99","20x0,50l (1 l = 2 €)","Monats-Highlights","False","https://img.rewe-static.de/6380425/2838800_digital-image.png"
"Mumm & Co. Jahrgangssekt Extra Dry 0,75l","Mumm & Co.","4011900510106","3.99","0,75l (1 l = 5,32 €)","Monats-Highlights","True","https://img.rewe-static.de/3695760/35394519_digital-image.png"
"Ostmann Majoran gerebelt 20g","Ostmann","4002674073607","2.99","20g (1 kg = 149,50 €)","Monats-Highlights","False","https://img.rewe-static.de/4208404/7460730_digital-image.png"
"Chio Mikrowellenpopcorn salzig 100g","Chio","4001242108581","1.29","100g (1 kg = 12,90 €)","Monats-Highlights","False","https://img.rewe-static.de/8903951/39134371_digital-image.png"
"Original Wagner Big City Pizza Kansas 450g","Original Wagner","4009233000012","3.49","450g (1 kg = 7,76 €)","Monats-Highlights","False","https://img.rewe-static.de/9940457/45647283_digital-image.png"
"Dr. Best Zahnbürste Original Mittel 2+1 Stück","Dr. Best","5054563925084","2.69","3 Stück","Monats-Highlights","False","https://img.rewe-static.de/7871718/33755822_digital-image.png"
"Guinness Irish Draught 4x0,44l","Guinness","5000213009420","5.99","4x0,44l (1 l = 3,40 €)","Monats-Highlights","False","https://img.rewe-static.de/2380212/23629072_digital-image.png"
"Bonduelle Erbsen & Möhrchen 530g","Bonduelle","3083681158106","2.39","530g (1 kg = 4,51 €)","Monats-Highlights","False","https://img.rewe-static.de/7706716/38308805_digital-image.png"
"Somat Classic Spülmaschinenpulver 960g, 60WL","Somat","4015200033495","5.69","960g (1 kg = 5,93 €)","Monats-Highlights","False","https://img.rewe-static.de/7626386/42405715_digital-image.png"
"REWE Beste Wahl Laugenbrezeln 770g","REWE Beste Wahl","4337256742658","1.99","770g (1 kg = 2,58 €)","Monats-Highlights","False","https://img.rewe-static.de/0444702/22880447_digital-image.png"
"Lay's Chips Red Paprika 150g","Lay's","4062139007677","1.19","150g (1 kg = 7,93 €)","Monats-Highlights","True","https://img.rewe-static.de/8940323/39374800_digital-image.png"
"Pampers Harmonie Aqua Feuchttücher 3x48 Stück","Pampers","8006540458525","5.29","3x48 Stück","Monats-Highlights","False","https://img.rewe-static.de/7837418/35395415_digital-image.png"
"Meßmer Kamille 75g, 50 Beutel","Meßmer","4002221009905","3.99","75g (1 kg = 53,20 €)","Monats-Highlights","False","https://img.rewe-static.de/0682727/5251850_digital-image.png"
"Capri-Sun Multivitamin 10x0,2l","Capri-Sun","4000177032718","3.49","10x0,20l (1 l = 1,75 €)","Monats-Highlights","True","https://img.rewe-static.de/7583738/43161045_digital-image.png"
"Ahoj-Brause Brause-Brocken vegan 10x8g","Ahoj-Brause","40335834","0.79","80g (1 kg = 9,88 €)","Monats-Highlights","False","https://img.rewe-static.de/4571959/21332795_digital-image.png"
"Ahoj-Brause Brause-Pulver 58g","Ahoj-Brause","40335711","0.79","58g (1 kg = 13,62 €)","Monats-Highlights","False","https://img.rewe-static.de/4000960/21332763_digital-image.png"
"Ahoj-Brause Brause-Bonbons Stangen vegan 69g","Ahoj-Brause","40335759","0.79","69g (1 kg = 11,45 €)","Monats-Highlights","False","https://img.rewe-static.de/4000978/2840430_digital-image.png"
"Chupa Chups Zungenmaler 120g, 10 Stück","Chupa Chups","8410031990584","1.69","120g (1 kg = 14,08 €)","Monats-Highlights","False","https://img.rewe-static.de/7788274/1035810_digital-image.png"
"Aquasale Meersalz grobkörnig 1kg","Aquasale","4001475112638","2.35","1000g","Monats-Highlights","False","https://img.rewe-static.de/0134366/15200340_digital-image.png"
"Yogi Tea Bio Tee Halswärmer 32,3g 17 Beutel","Yogi Tea","4012824401396","2.75","32,30g (1 kg = 85,14 €)","Monats-Highlights","False","https://img.rewe-static.de/1383281/20284741_digital-image.png"
"Dalli Haushaltskernseife 3x100g","Dalli","4012400532612","1.49","3x100g (1 kg = 4,97 €)","Monats-Highlights","False","https://img.rewe-static.de/6224008/23693394_digital-image.png"
"Pepsi Cola 6x1,25l","Pepsi","4062139025268","4.74","6x1,25l (1 l = 0,63 €)","Monats-Highlights","True","https://img.rewe-static.de/7591994/43268192_digital-image.png"
"Bonduelle Grüne Brechbohnen fein 455g","Bonduelle","3083680002165","2.39","455g (1 kg = 5,25 €)","Monats-Highlights","False","https://img.rewe-static.de/1180517/23012071_digital-image.png"
"Chio Mikrowellen Popcorn süß 100g","Chio","4001242108574","1.29","100g (1 kg = 12,90 €)","Monats-Highlights","False","https://img.rewe-static.de/8906308/39134065_digital-image.png"
"Yogi Tea Bio Tee Ingwer Zitrone 30,6g 17 Beutel","Yogi Tea","4012824401303","2.75","30,60g (1 kg = 89,87 €)","Monats-Highlights","False","https://img.rewe-static.de/1383278/20285110_digital-image.png"
"Heinz Barbecue Sauce 220ml","Heinz","8715700411194","2.29","220ml (1 l = 10,41 €)","Monats-Highlights","False","https://img.rewe-static.de/0332369/6896160_digital-image.png"
"McCain 1.2.3 Frites Original 1,5kg","McCain","8710438392418","4.99","1500g (1 kg = 3,33 €)","Monats-Highlights","False","https://img.rewe-static.de/5599768/1220360_digital-image.png"
"Ostmann Kümmel ganz 80g","Ostmann","4002674073256","3.69","80g (1 kg = 46,13 €)","Monats-Highlights","False","https://img.rewe-static.de/4208382/7470610_digital-image.png"
"Wilhelm Brandenburg Salami in Brezelform 80g","Wilhelm Brandenburg","4337256528351","3.19","80g (1 kg = 39,88 €)","Monats-Highlights","False","https://img.rewe-static.de/8146449/29375434_digital-image.png"
"REWE Beste Wahl Joghurt mild 3,5 % Fett 1kg","REWE Beste Wahl","4337256651684","1.79","1kg","Monats-Highlights","False","https://img.rewe-static.de/8301065/29754009_digital-image.png"
"McCain Chef Frites 750g","McCain","8710438090215","1.59","750g (1 kg = 2,12 €)","Monats-Highlights","True","https://img.rewe-static.de/5019494/27927882_digital-image.png"
"Coppenrath & Wiese 9 Kaiser-Semmeln 450g","Conditorei Coppenrath & Wiese","4008577006346","1.59","450g (1 kg = 3,53 €)","Monats-Highlights","True","https://img.rewe-static.de/3062900/27010603_digital-image.png"
"Coca-Cola Zero Sugar 4x1,5l","Coca-Cola","5000112552171","4.76","4x1,50l (1 l = 0,79 €)","Monats-Highlights","True","https://img.rewe-static.de/0054164/26127982_digital-image.png"
"Greenforce Vegane Mini-Frika 180g","GREENFORCE","4260322211348","2.99","180g (1 kg = 16,61 €)","Monats-Highlights","False","https://img.rewe-static.de/8678407/34780659_digital-image.png"
"Hela Gewürzketchup Curry Delikat 800ml","Hela","4027400148008","1.99","800ml (1 l = 2,49 €)","Monats-Highlights","True","https://img.rewe-static.de/7633236/41788887_digital-image.png"
"Ben's Original Spitzen-Langkorn-Reis im Kochbeutel 1kg","Ben's Original","5410673004437","4.49","1000g","Monats-Highlights","False","https://img.rewe-static.de/5771404/3927720_digital-image.png"
"Lay's Sour Cream & Onion 150g","Lay's","4062139005888","1.19","150g (1 kg = 7,93 €)","Monats-Highlights","True","https://img.rewe-static.de/7755270/36435289_digital-image.png"
"Lay's Chips gesalzen 150g","Lay's","4062139005864","1.19","150g (1 kg = 7,93 €)","Monats-Highlights","True","https://img.rewe-static.de/7795569/35855163_digital-image.png"
"REWE Bio Weizen Landbrötchen 280g","REWE Bio","4337256530200","1.29","250g (1 kg = 5,16 €)","Monats-Highlights","False","https://img.rewe-static.de/8444009/31813515_digital-image.png"
"REWE Beste Wahl Röstzwiebeln 150g","REWE Beste Wahl","4337256119818","1.29","150g (1 kg = 8,60 €)","Monats-Highlights","False","https://img.rewe-static.de/1209186/23184041_digital-image.png"
"Lay's Bugles Paprika Style 75g","Lay's","4062139009831","1.19","75g (1 kg = 15,87 €)","Monats-Highlights","True","https://img.rewe-static.de/7535980/42866003_digital-image.png"
"Butcher's Burger Vegane Buns Brioche Style 4 Stück","Butcher's Burger","4337256577977","1.69","250g (1 kg = 6,76 €)","Monats-Highlights","False","https://img.rewe-static.de/8888961/39251810_digital-image.png"
"Super Dickmann's 250g, 9 Stück","Dickmann's","4035800407007","2.29","250g (1 kg = 9,16 €)","Monats-Highlights","False","https://img.rewe-static.de/4205960/1363350_digital-image.png"
"Meisterklasse Wiener Würstchen 750g","Meisterklasse","4006784404351","6.89","750g (1 kg = 9,19 €)","Monats-Highlights","False","https://img.rewe-static.de/2530990/24817476_digital-image.png"
"Aoste Stickado Salami Sticks Classique 70g","Aoste","3449851328005","2.49","70g (1 kg = 35,57 €)","Monats-Highlights","False","https://img.rewe-static.de/3337367/16656570_digital-image.png"
"Mini Dickmann's Schoko Trio 200g, 24 Stück","Dickmann's","4035800410724","2.19","200g (1 kg = 10,95 €)","Monats-Highlights","False","https://img.rewe-static.de/5469872/1363360_digital-image.png"
"Chio Dip! Hot Cheese 200ml","Chio","4001242108239","2.49","200ml (1 l = 12,45 €)","Monats-Highlights","False","https://img.rewe-static.de/7836375/35802566_digital-image.png"
"Meisterklasse Schinkenzwiebelmettwurst 200g","Meisterklasse","4006784006333","2.29","200g (1 kg = 11,45 €)","Monats-Highlights","False","https://img.rewe-static.de/5926556/3903460_digital-image.png"
"Oreo Cookies Original 154g","Oreo","7622300336738","1.79","154g (1 kg = 11,62 €)","Monats-Highlights","False","https://img.rewe-static.de/1123693/48550996_digital-image.png"
"Teekanne Ostfriesen Teefix 75g, 50 Beutel","Teekanne","4009300001065","3.29","75g (1 kg = 43,87 €)","Monats-Highlights","False","https://img.rewe-static.de/5619777/7477280_digital-image.png"
"Absolut Vodka 0,7l","Absolut","7312040017683","14.99","0,70l (1 l = 21,41 €)","Monats-Highlights","False","https://img.rewe-static.de/6061095/3436330_digital-image.png"
"Kühne Senf mittelscharf Squeeze 250ml","Kühne","4012200222102","1.69","250ml (1 l = 6,76 €)","Monats-Highlights","False","https://img.rewe-static.de/2717870/25295919_digital-image.png"
"Ardo Porree 1kg","Ardo","5411361250501","1.99","1000g","Monats-Highlights","False","https://img.rewe-static.de/8427803/30964935_digital-image.png"
"Reese's 5 Peanut Butter Cups 77g","Reese's","34000702459","1.49","77g (1 kg = 19,35 €)","Monats-Highlights","True","https://img.rewe-static.de/8518537/33589615_digital-image.png"
"Pringles Original Chips 165g","Pringles","5053990127726","2.49","165g (1 kg = 15,09 €)","Monats-Highlights","False","https://img.rewe-static.de/3552433/42724306_digital-image.png"
"Haribo Fruchtgummi Goldbären Minis 250g","Haribo","4001686301524","2.49","250g (1 kg = 9,96 €)","Monats-Highlights","False","https://img.rewe-static.de/4987055/2835630_digital-image.png"
"M&M's Chocolate 250g","M&M's","5000159023283","3.99","250g (1 kg = 15,96 €)","Monats-Highlights","False","https://img.rewe-static.de/4348141/39489560_digital-image.png"
"REWE Beste Wahl Stremellachs Natur 125g","REWE Beste Wahl","4337256870535","3.49","125g","Monats-Highlights","False","https://img.rewe-static.de/9973847/45711738_digital-image.png"
"MAOAM Kaubonbon Mao Mixx 250g","MAOAM","4001686580332","2.79","250g (1 kg = 11,16 €)","Monats-Highlights","False","https://img.rewe-static.de/1452401/9179170_digital-image.png"
"Lorenz Snack-Hits 280g","Lorenz","4018077010316","3.29","280g (1 kg = 11,75 €)","Monats-Highlights","False","https://img.rewe-static.de/9071974/43767605_digital-image.png"
"Pringles Hot & Spicy Chips 165g","Pringles","5053990127665","2.49","165g (1 kg = 15,09 €)","Monats-Highlights","False","https://img.rewe-static.de/3552437/42866552_digital-image.png"
"MAOAM Kaubonbon-Dragees Kracher 200g","MAOAM","4001686536025","1.29","200g (1 kg = 6,45 €)","Monats-Highlights","False","https://img.rewe-static.de/9146741/1904820_digital-image.png"
"Knorr Bouillon Delikatess Brühe ergibt 16l","Knorr","8720182921222","3.49","16ml (1 l = 0,35 €)","Monats-Highlights","False","https://img.rewe-static.de/9924197/46936728_digital-image.png"
"Miracel Whip Salatcreme Original 23% 500ml","Miracel Whip","4000339057825","2.65","500ml (1 l = 5,30 €)","Monats-Highlights","False","https://img.rewe-static.de/3719120/2989120_digital-image.png"
"REWE Beste Wahl Fleisch-Tortelloni 1kg","REWE Beste Wahl","4337256671378","4.99","1000g","Monats-Highlights","False","https://img.rewe-static.de/0117996/21909375_digital-image.png"
"Heinz Einfach Lecker Mayonnaise 495ml","Heinz","8715700209159","3.29","495ml (1 l = 6,65 €)","Monats-Highlights","False","https://img.rewe-static.de/8280030/29291195_digital-image.png"
"Yeauty Eye Pad Mask Deep Hydration 1 Paar","NA","4260199892473","0.99","2 Stück","Monats-Highlights","False","https://img.rewe-static.de/8042498/32436890_digital-image.png"
"Kölln Müsli Knusper Schoko & Keks Vorratspack 1,7kg","Kölln","4000540003215","9.99","1700g (1 kg = 5,88 €)","Monats-Highlights","False","https://img.rewe-static.de/2122144/24051897_digital-image.png"
"Vivess Einmalhandschuhe Nitril 8/9 M-L 50 Stück","Vivess","4337256621342","3.99","50 Stück","Monats-Highlights","False","https://img.rewe-static.de/8919118/39472156_digital-image.png"
"Original Wagner Big City Pizza Boston 430g","Original Wagner","7613035492806","3.49","430g (1 kg = 8,12 €)","Monats-Highlights","False","https://img.rewe-static.de/2670487/25165468_digital-image.png"
"Persil Vollwaschmittel Universal Pulver 4,5kg 75WL","Persil","4015200034010","18.99","4,50kg (1 kg = 4,22 €)","Monats-Highlights","False","https://img.rewe-static.de/9038611/42222135_digital-image.png"
"City Rosato Rosé Frizzante 0,2l","City","4062073999977","0.99","0,20l (1 l = 4,95 €)","Monats-Highlights","False","https://img.rewe-static.de/8650777/34037160_digital-image.png"
"Rotkäppchen Sekt halbtrocken 0,2l","Rotkäppchen-Mumm","4400066903547","1.59","0,20l (1 l = 7,95 €)","Monats-Highlights","False","https://img.rewe-static.de/6242863/2930160_digital-image.png"
"REWE Bio Schlagsahne 30% 500g","REWE Bio","4337256736879","2.99","500g (1 kg = 5,98 €)","Monats-Highlights","False","https://img.rewe-static.de/9014698/41866190_digital-image.png"
"Haribo Fruchtgummi Starmix Mini 250g","Haribo","4001686726013","2.49","250g (1 kg = 9,96 €)","Monats-Highlights","False","https://img.rewe-static.de/0833339/3439770_digital-image.png"
"Pfanner Der Grüne Tee Zitrone-Kaktusfeige 2l","Pfanner","9006900014858","1.99","2l (1 l = 1 €)","Monats-Highlights","False","https://img.rewe-static.de/5956838/7004250_digital-image.png"
"Dr. Pepper Cola 0,33l","Dr Pepper","4000140702501","0.79","0,33l (1 l = 2,39 €)","Monats-Highlights","True","https://img.rewe-static.de/1268036/34741812_digital-image.png"
"Oryza Natur-Reis 1kg","Oryza","4006237630115","2.99","1000g","Monats-Highlights","False","https://img.rewe-static.de/5272319/3311040_digital-image.png"
"Pfanner Ice Tea Lemon-Lime 2l","Pfanner","9006900011512","1.99","2l (1 l = 1 €)","Monats-Highlights","False","https://img.rewe-static.de/0794902/1858640_digital-image.png"
"Vivess Pappteller rund eco friendly 23cm 20 Stück","Vivess","4337256100922","1.69","20 Stück","Monats-Highlights","False","https://img.rewe-static.de/7972933/32691138_digital-image.png"
"Babytime Feuchttücher classic 2x80 Stück","Babytime","21345401","1.95","160 Stück","Monats-Highlights","False","https://img.rewe-static.de/8069863/29927989_digital-image.png"
"Rügenwalder Mühle Veganes Mühlen Mett Fein 100g","Rügenwalder Mühle","4000405001714","1.89","100g (1 kg = 18,90 €)","Monats-Highlights","False","https://img.rewe-static.de/8771225/36084383_digital-image.png"
"Luftschlangen 3 Stück","NA","194099013710","1.49","3 Stück","Monats-Highlights","False","https://img.rewe-static.de/8400803/32008029_digital-image.png"
"Maggi 5 Minuten Terrine Spaghetti Bolognese XL 81g","Maggi","8445290135452","1.59","81g (1 kg = 19,63 €)","Monats-Highlights","False","https://img.rewe-static.de/8772162/47428824_digital-image.png"
"MAOAM Kaubonbon Happy Fruttis 175g","MAOAM","4001686535561","1.19","175g (1 kg = 6,80 €)","Monats-Highlights","False","https://img.rewe-static.de/3273210/8136510_digital-image.png"
"Rotkäppchen Sekt halbtrocken 0,75l","Rotkäppchen-Mumm","4400066903530","4.99","0,75l (1 l = 6,65 €)","Monats-Highlights","False","https://img.rewe-static.de/6242880/1807160_digital-image.png"
"Coca-Cola Zero Sugar 6x2l","Coca-Cola","5000112552225","13.14","6x2l (1 l = 1,10 €)","Monats-Highlights","False","https://img.rewe-static.de/0049838/21202362_digital-image.png"
"Valensina Kids Bibi & Tina Roter Fruchtmix mit Schwarzkarotte 0,33l","Valensina","4009491020142","1.09","0,33l (1 l = 3,30 €)","Monats-Highlights","False","https://img.rewe-static.de/7857873/35906275_digital-image.png"
"Valensina Kids Benjamin Blümchen Fruchtmix mit Karotte 0,33l","Valensina","4009491020111","1.09","0,33l (1 l = 3,30 €)","Monats-Highlights","False","https://img.rewe-static.de/7858023/35906277_digital-image.png"
"REWE Beste Wahl Chicken Bites Kentucky Style 260g","REWE Beste Wahl","4337256281836","2.89","260g (1 kg = 11,12 €)","Monats-Highlights","False","https://img.rewe-static.de/7884541/34995128_digital-image.png"
"Vivess Motivpappbecher 0,2l 10 Stück","Vivess","4388860398564","1.79","10 Stück","Monats-Highlights","False","https://img.rewe-static.de/8335852/34077079_digital-image.png"
"REWE Beste Wahl Tortelloni Spinat-Ricotta 1kg","REWE Beste Wahl","4337256657570","4.99","1000g","Monats-Highlights","False","https://img.rewe-static.de/2265232/23487708_digital-image.png"
"REWE to go Smoothie Erdbeer Banane 0,75l","REWE to go","4337256621779","2.49","750ml (1 l = 3,32 €)","Monats-Highlights","False","https://img.rewe-static.de/8917279/38936001_digital-image.png"
"Maggi Gemüse Brühe für 18l","Maggi","7613287093752","3.89","18l (1 l = 0,22 €)","Monats-Highlights","False","https://img.rewe-static.de/8479015/31983440_digital-image.png"
"Dr. Pepper Vanilla Float 0,33l","Dr Pepper","4000140714757","0.79","0,33l (1 l = 2,39 €)","Monats-Highlights","True","https://img.rewe-static.de/8770512/37035103_digital-image.png"
"Monster Energy Ultra Zero Zucker 4x0,5l","Monster","5060517884437","4.99","4x0,50l (1 l = 2,50 €)","Monats-Highlights","False","https://img.rewe-static.de/7285269/33964274_digital-image.png"
"Frisia Ufonauten 78g","NA","5411011400003","1.99","78g (1 kg = 25,51 €)","Monats-Highlights","False","https://img.rewe-static.de/8493461/31813108_digital-image.png"
"Babytime Feuchttücher 99% Wasser 2x80 Stück","Babytime","21342912","3.7","2x80 Stück","Monats-Highlights","False","https://img.rewe-static.de/8363886/30324835_digital-image.png"
"Develey Burger Sauce 250ml","Develey","4006824004404","1.79","250ml (1 l = 7,16 €)","Monats-Highlights","False","https://img.rewe-static.de/2479231/24397939_digital-image.png"
"Yogi Tea Bio Tee Kurkuma Chai 34g 17 Beutel","Yogi Tea","4012824404120","2.75","34g (1 kg = 80,88 €)","Monats-Highlights","False","https://img.rewe-static.de/3373736/30069249_digital-image.png"
"Rotkäppchen Fruchtsecco Sauerkirsche 0,75l","Rotkäppchen-Mumm","4014741680014","4.99","0,75l (1 l = 6,65 €)","Monats-Highlights","False","https://img.rewe-static.de/8382849/30617522_digital-image.png"
"Sinnack Bio Steinofen Baguette kernig 250g","Sinnack","4009097033713","1.49","250g (1 kg = 5,96 €)","Monats-Highlights","False","https://img.rewe-static.de/9925332/46936985_digital-image.png"
"Ben & Jerry's Eis Cookie Dough 465ml","Ben & Jerry's","8711327373105","3.99","465ml (1 l = 8,58 €)","Monats-Highlights","True","https://img.rewe-static.de/8422570/43212452_digital-image.png"
"Oryza Himalaya Basmati +10% 1,1kg","Oryza","4006237641494","4.49","1100g (1 kg = 4,08 €)","Monats-Highlights","False","https://img.rewe-static.de/7140648/27195794_digital-image.png"
"Rotkäppchen Sekt Rosé trocken 0,2l","Rotkäppchen-Mumm","4014741003844","1.59","0,20l (1 l = 7,95 €)","Monats-Highlights","False","https://img.rewe-static.de/0127369/1457780_digital-image.png"
"Pfanner Der Weiße Tee Zitrone-Holunderblüte 2l","Pfanner","9006900212131","1.99","2l (1 l = 1 €)","Monats-Highlights","False","https://img.rewe-static.de/1307566/20340035_digital-image.png"
"Böklunder Hot Dogs American Style Würstchen in Eigenhaut 300g, 6 Stück","Böklunder","4000404035758","4.29","300g (1 kg = 14,30 €)","Monats-Highlights","False","https://img.rewe-static.de/2801612/21022478_digital-image.png"
"Pampers Sensitive Feuchttücher 5x52 Stück","Pampers","8001841062792","5.29","5x52 Stück","Monats-Highlights","False","https://img.rewe-static.de/8288905/29169027_digital-image.png"
"Heineken 0,0% alkoholfrei 6x0,33l","Heineken","8712000050122","6.29","6x0,33l (1 l = 3,18 €)","Monats-Highlights","False","https://img.rewe-static.de/3155899/35786324_digital-image.png"
"Yogi Tea Bio Glücks Tee 34g 17 Beutel","Yogi Tea","4012824401464","2.75","34g (1 kg = 80,88 €)","Monats-Highlights","False","https://img.rewe-static.de/1383284/20285085_digital-image.png"
"Ruf Schokoladen Streusel 200g","Ruf","4002809024795","2.49","200g (1 kg = 12,45 €)","Monats-Highlights","False","https://img.rewe-static.de/3279476/26686350_digital-image.png"
"Dr. Best Zahnbürste Hoch-Tief Mittel 2+1 Stück","Dr. Best","5054563924872","3.89","3 Stück","Monats-Highlights","False","https://img.rewe-static.de/7872619/33755514_digital-image.png"
"Moët & Chandon Champagner Impérial Brut 0,75l","Moët & Chandon","3185370729960","49.99","0,75l (1 l = 66,65 €)","Monats-Highlights","False","https://img.rewe-static.de/3713407/2734370_digital-image.png"
"Heineken 28x0,25l","Heineken","8712000026554","20.49","28x0,25l (1 l = 2,93 €)","Monats-Highlights","False","https://img.rewe-static.de/1443690/30786658_digital-image.png"
"REWE Bio Wiener Würstchen 250g","REWE Bio","4337256213035","3.99","250g (1 kg = 15,96 €)","Monats-Highlights","False","https://img.rewe-static.de/2937503/26024362_digital-image.png"
"Ritter Sport Nussklasse Pistazie 100g","Ritter Sport","4000417670915","1.69","100g (1 kg = 16,90 €)","Monats-Highlights","True","https://img.rewe-static.de/9921846/47095733_digital-image.png"
"Lorenz NicNac's Nacho Cheese Style 110g","Lorenz","4018077010682","1.11","110g (1 kg = 10,09 €)","Monats-Highlights","True","https://img.rewe-static.de/7592933/44093861_digital-image.png"
"Frosch Senses Sensitivseife Panthenol 500ml","Frosch","4001499967429","2.49","500ml (1 l = 4,98 €)","Monats-Highlights","False","https://img.rewe-static.de/1258185/27393440_digital-image.png"
"Rügenwalder Mühle Veganer Mühlen Aufschnitt Paprika Typ Hähnchen 70g","Rügenwalder Mühle","4000405003398","1.59","70g (1 kg = 22,71 €)","Monats-Highlights","False","https://img.rewe-static.de/8168290/47169886_digital-image.png"
"Corny Erdbeer-Joghurt 6x25g","CORNY","4011800524210","1.79","6x25g (1 kg = 11,93 €)","Monats-Highlights","False","https://img.rewe-static.de/0544635/25962592_digital-image.png"
"Meßmer Pfefferminz 112g, 50 Beutel","Meßmer","4002221009943","3.99","112,50g (1 kg = 35,47 €)","Monats-Highlights","False","https://img.rewe-static.de/0682725/5251790_digital-image.png"
"Rügenwalder Mühle Veganer Mühlen Aufschnitt Gartenkräuter-Typ Hähnchen 70g","Rügenwalder Mühle","4000405003404","1.59","70g (1 kg = 22,71 €)","Monats-Highlights","False","https://img.rewe-static.de/8166949/46815351_digital-image.png"
"Innocent Direktsaft Orange mit Fruchtfleisch 1350ml","Innocent","5038862430326","4.49","1350ml (1 l = 3,33 €)","Monats-Highlights","False","https://img.rewe-static.de/8694380/33646566_digital-image.png"
"Mezzo Mix Berry Love 0,33l","Mezzo Mix","5000112677430","0.99","0,33l (1 l = 3 €)","Monats-Highlights","False","https://img.rewe-static.de/9925261/47296712_digital-image.png"
"REWE Beste Wahl Udon Nudeln 300g","REWE Beste Wahl","4337256813716","1.19","300g (1 kg = 3,97 €)","Monats-Highlights","False","https://img.rewe-static.de/9084422/44265927_digital-image.png"
"Frosch Senses Cremeseife Granatapfel 500ml","Frosch","4001499967412","2.49","500ml (1 l = 4,98 €)","Monats-Highlights","False","https://img.rewe-static.de/1019372/22168372_digital-image.png"
"REWE Feine Welt Macarons 6 Stück 72g","REWE Feine Welt","4337256716161","2.99","72g (1 kg = 41,53 €)","Monats-Highlights","False","https://img.rewe-static.de/2849409/25367128_digital-image.png"
"REWE Beste Wahl Sushi Reis 500g","REWE Beste Wahl","4337256821452","1.79","500g (1 kg = 3,58 €)","Monats-Highlights","False","https://img.rewe-static.de/9084014/45313168_digital-image.png"
"REWE Beste Wahl Lychees geschält & entsteint 195g","REWE Beste Wahl","4337256884167","1.99","195g (1 kg = 10,21 €)","Monats-Highlights","False","https://img.rewe-static.de/9973531/45627065_digital-image.png"
"Coca-Cola 12x0,5l","Coca-Cola","5449000027337","15.48","12x0,50l (1 l = 2,58 €)","Monats-Highlights","False","https://img.rewe-static.de/2833588/25366075_digital-image.png"
"Vita Coco Kokosnusswasser 1l","Vita Coco","898999000503","3.99","1l","Monats-Highlights","False","https://img.rewe-static.de/8914889/39144678_digital-image.png"
"Yogi Tea Bio Tee Abend 30,6g 17 Beutel","Yogi Tea","4012824401211","2.75","30,60g (1 kg = 89,87 €)","Monats-Highlights","False","https://img.rewe-static.de/1383276/23249688_digital-image.png"
"Organics Fizzy Peach by Red Bull 330ml","Red Bull","9002490278953","0.95","0,33l (1 l = 2,88 €)","Monats-Highlights","True","https://img.rewe-static.de/9908411/47200184_digital-image.png"
"Kölln Schoko Hafer-Müsli 30% weniger Zucker 1,7kg","Kölln","4000540033878","9.99","1700g (1 kg = 5,88 €)","Monats-Highlights","False","https://img.rewe-static.de/9963121/46043060_digital-image.png"
"REWE Beste Wahl Hauchzarter Aufschnitt Typ Hähnchen Klassik vegan 100g","REWE Beste Wahl","4337256906845","1.29","100g (1 kg = 12,90 €)","Monats-Highlights","False","https://img.rewe-static.de/9943669/47482239_digital-image.png"
"REWE Bio Rinder Entrecôte 170g","REWE Bio","2145510000008","7.63","1 Stück ca. 170 g (1 kg = 44,90 €)","Monats-Highlights","False","https://img.rewe-static.de/1287075/19750960_digital-image.png"
"REWE Beste Wahl Aufstrich Typ Leberwurst fein vegan 125g","REWE Beste Wahl","4337256765039","1.49","125g (1 kg = 11,92 €)","Monats-Highlights","False","https://img.rewe-static.de/9059381/43484055_digital-image.png"
"Yogi Tea Bio Tee Frauen Power 30,6g 17 Beutel","Yogi Tea","4012824401648","2.75","30,60g (1 kg = 89,87 €)","Monats-Highlights","False","https://img.rewe-static.de/1383288/22610860_digital-image.png"
"RibWorld Bourbon BBQ Spare Ribs 600g","NA","5391511059027","8.99","600g (1 kg = 14,98 €)","Monats-Highlights","False","https://img.rewe-static.de/9008575/41126003_digital-image.png"
"Haribo Fruchtgummi Goldbären 1kg","Haribo","4001686301784","5.99","1000g","Monats-Highlights","False","https://img.rewe-static.de/8593736/6395520_digital-image.png"
"REWE Beste Wahl Rote Grütze 360g","REWE Beste Wahl","4337256856157","1.69","360g (1 kg = 4,69 €)","Monats-Highlights","False","https://img.rewe-static.de/9110824/45670443_digital-image.png"
"Followfood Bio Cheesy+Creamy Carbonara Style Noodles 163g","Followfood","4250073462557","2.99","163g (1 kg = 18,34 €)","Monats-Highlights","False","https://img.rewe-static.de/9954231/46617061_digital-image.png"
"Kölln Schoko Hafer-Müsli 1700g","Kölln","4000540031874","9.99","1700g (1 kg = 5,88 €)","Monats-Highlights","False","https://img.rewe-static.de/9962017/46069912_digital-image.png"
"REWE Beste Wahl Auschnitt Grillgemüse vegan 100g","REWE Beste Wahl","4337256933971","1.05","100g (1 kg = 10,50 €)","Monats-Highlights","False","https://img.rewe-static.de/9910742/47903341_digital-image.png"
"Ostmann Oregano gerebelt 25g","Ostmann","4002674073959","2.79","25g (1 kg = 111,60 €)","Monats-Highlights","False","https://img.rewe-static.de/4248490/7465890_digital-image.png"
"Müller High Protein Pudding Schoko 20g","Müller","4025500294342","1.39","200g (1 kg = 6,95 €)","Monats-Highlights","False","https://img.rewe-static.de/8162934/47171387_digital-image.png"
"RibWorld Bourbon BBQ Pulled Pork 360g","NA","5391511059423","4.49","360g (1 kg = 12,47 €)","Monats-Highlights","False","https://img.rewe-static.de/7634992/41263322_digital-image.png"
"ESN Designer Protein Bar Cinnamon Cereal 45g","ESN","4250519672892","2.29","45g (1 kg = 50,89 €)","Monats-Highlights","False","https://img.rewe-static.de/8166216/47172599_digital-image.png"
"REWE Beste Wahl Party Streudekor Mix 65g","REWE Beste Wahl","4337256865364","0.99","65g (1 kg = 15,23 €)","Monats-Highlights","False","https://img.rewe-static.de/9988451/45627367_digital-image.png"
"Bautz'ner Senf mittelscharf 1l","Bautz'ner","4012860003141","2.09","1kg","Monats-Highlights","False","https://img.rewe-static.de/6685935/6796170_digital-image.png"
"REWE to go Milder Shot Apfel Ingwer Zitrone 0,06l","REWE to go","42016304","1.49","60ml (1 l = 24,83 €)","Monats-Highlights","False","https://img.rewe-static.de/9108557/45056254_digital-image.png"
"Coca-Cola light 12x0,5l","Coca-Cola","5449000027344","15.48","12x0,50l (1 l = 2,58 €)","Monats-Highlights","False","https://img.rewe-static.de/2833777/25365901_digital-image.png"
"REWE Beste Wahl Aufschnitt Typ Lyoner vegan 100g","REWE Beste Wahl","4337256927550","1.05","100g (1 kg = 10,50 €)","Monats-Highlights","False","https://img.rewe-static.de/9912133/47903347_digital-image.png"
"Vivess Papp-Becher 15x0,3l","Vivess","4388860422610","2.29","15 Stück","Monats-Highlights","False","https://img.rewe-static.de/8040924/30917783_digital-image.png"
"City Secco White Frizzante 0,2L","City","4062073999991","0.99","0,20l (1 l = 4,95 €)","Monats-Highlights","False","https://img.rewe-static.de/8649463/33972916_digital-image.png"
"Rotkäppchen Sekt trocken 0,2l","Rotkäppchen-Mumm","4400066903424","1.59","0,20l (1 l = 7,95 €)","Monats-Highlights","False","https://img.rewe-static.de/6242820/5838800_digital-image.png"
"Eat Natural Protein Erdnüsse Mandeln & Salted Caramel Riegel 3x40g","Eat Natural","8000500435731","3.49","3x40g (1 kg = 29,08 €)","Monats-Highlights","False","https://img.rewe-static.de/9948429/45298937_digital-image.png"
"Reinert Bärchen Fleischwurst mit Gemüse 180g","Reinert","4006229052161","2.39","180g (1 kg = 13,28 €)","Monats-Highlights","False","https://img.rewe-static.de/9890412/48133457_digital-image.png"
"REWE to go Smoothie Apfel Mango Maracuja 0,75l","REWE to go","4337256621892","2.49","750ml (1 l = 3,32 €)","Monats-Highlights","False","https://img.rewe-static.de/8918095/38936006_digital-image.png"
"Garnier SkinActive Tuchmaske Hydra Bomb Granatapfel 1 Stück","Garnier","3600541943506","1.69","1 Stück","Monats-Highlights","False","https://img.rewe-static.de/2888666/25369117_digital-image.png"
"Organics Easy Lemon by Red Bull 330ml","Red Bull","9002490278977","0.95","0,33l (1 l = 2,88 €)","Monats-Highlights","True","https://img.rewe-static.de/9908063/47199624_digital-image.png"
"Brut Dargent Blanc de Blancs Chardonnay 0,75l","Brut Dargent","3263287626029","7.99","0,75l (1 l = 10,65 €)","Monats-Highlights","False","https://img.rewe-static.de/4767608/1755220_digital-image.png"
"REWE to go Smoothie Berry Kiss 250ml","REWE to go","4337256853774","1.29","250ml (1 l = 5,16 €)","Monats-Highlights","False","https://img.rewe-static.de/9991768/45056467_digital-image.png"
"Fanta Orange 12x0,5l","Fanta","5449000027351","15.48","12x0,50l (1 l = 2,58 €)","Monats-Highlights","False","https://img.rewe-static.de/2833797/25366106_digital-image.png"
"Deutsche See Thunfischsalat Mexicana 160g","Deutsche See","4009239206326","2.49","160g (1 kg = 15,56 €)","Monats-Highlights","False","https://img.rewe-static.de/9928531/47170734_digital-image.png"
"REWE Beste Wahl Lyoner Paprika vegan 100g","REWE Beste Wahl","4337256941914","1.05","100g (1 kg = 10,50 €)","Monats-Highlights","False","https://img.rewe-static.de/9901840/47903353_digital-image.png"
"REWE Beste Wahl Cake Pops Vanille Backmischung 260g","REWE Beste Wahl","4337256863858","2.79","265g (1 kg = 10,53 €)","Monats-Highlights","False","https://img.rewe-static.de/9995861/45886145_digital-image.png"
"Fürst von Metternich Sekt trocken 0,2l","Fürst von Metternich","4003310112209","2.99","0,20l (1 l = 14,95 €)","Monats-Highlights","False","https://img.rewe-static.de/5484197/1311500_digital-image.png"
"Kleiner Klopfer Fun Mix 25x20ml","Kleiner Klopfer","4029884011915","10.49","25x0,02l (1 l = 20,98 €)","Monats-Highlights","False","https://img.rewe-static.de/5282535/28600139_digital-image.png"
"endori vegane Chicken Sticks Cheese Style 180g","endori","4251349108322","2.99","180g (1 kg = 16,61 €)","Monats-Highlights","False","https://img.rewe-static.de/9893765/47792518_digital-image.png"
"Light Live Sparkling Sprizz alkoholfrei 0,75l","Light Live","4001744064828","3.79","0,75l (1 l = 5,05 €)","Monats-Highlights","False","https://img.rewe-static.de/1489774/21088531_digital-image.png"
"REWE Beste Wahl Delikatess Frikadellen 300g","REWE Beste Wahl","4337256901208","2.99","300g (1 kg = 9,97 €)","Monats-Highlights","False","https://img.rewe-static.de/9940094/47178449_digital-image.png"
"Danone Fruchtzwerge Apfel Banane Karotte 6x50g","Danone","4009700045522","2.39","6x50g (1 kg = 7,97 €)","Monats-Highlights","False","https://img.rewe-static.de/9967692/46238479_digital-image.png"
"Pedigree Denta Stix Daily Oral Care für mittelgroße Hunde 10-25kg 28 Stück","Pedigree","5998749105214","6.99","720g (1 kg = 9,71 €)","Monats-Highlights","False","https://img.rewe-static.de/2634724/20587903_digital-image.png"
"Starbucks Chilled Coffee Blissful Retreat 220ml","Starbucks","5711953192920","2.49","220ml (1 l = 11,32 €)","Monats-Highlights","False","https://img.rewe-static.de/9896257/47522316_digital-image.png"
"Mumm & Co Sekt trocken 0,2l","Mumm & Co.","4011900514401","2.29","0,20l (1 l = 11,45 €)","Monats-Highlights","False","https://img.rewe-static.de/4547071/2936040_digital-image.png"
"Vantastic Bio Tofu natur 200g","NA","4260661092363","2.69","200g (1 kg = 13,45 €)","Monats-Highlights","False","https://img.rewe-static.de/9910631/48117154_digital-image.png"
"REWE to go Hähnchen Kokos Suppe 430g","REWE to go","4337256890458","2.99","430g","Monats-Highlights","False","https://img.rewe-static.de/9961373/45057210_digital-image.png"
"Lindt Nougat Pralinen 200g","Lindt","4000539103049","11.99","200g (1 kg = 59,95 €)","Monats-Highlights","False","https://img.rewe-static.de/8067923/29834176_digital-image.png"
"REWE Beste Wahl Party Cupcakes Backmischung 370g","REWE Beste Wahl","4337256862851","2.79","370g (1 kg = 7,54 €)","Monats-Highlights","False","https://img.rewe-static.de/9998471/45886166_digital-image.png"
"REWE Beste Wahl Cake Pops Schoko Backmischung 260g","REWE Beste Wahl","4337256854993","2.79","260g (1 kg = 10,73 €)","Monats-Highlights","False","https://img.rewe-static.de/9998480/45886141_digital-image.png"
"Pantene Pro-V Haarshampoo Repair & Care 500ml","Pantene Pro-V","8001090093288","5.49","500ml (1 l = 10,98 €)","Monats-Highlights","False","https://img.rewe-static.de/1251474/22162635_digital-image.png"
"Fuze Tea Schwarzer Tee Wassermelone Minze 1,25l","Fuze Tea","5000112567946","1.69","1,25l (1 l = 1,35 €)","Monats-Highlights","False","https://img.rewe-static.de/7688678/39675012_digital-image.png"
"Weleda Citrus-Erfrischungsdusche 200ml","Weleda","7611916124501","5.99","200ml (1 l = 29,95 €)","Monats-Highlights","False","https://img.rewe-static.de/6814506/20589325_digital-image.png"
"Lego Minifiguren Dungeons & Dragons 71047 ab 5 Jahren","Lego","5702017595610","3.99","1 Stück","Monats-Highlights","False","https://img.rewe-static.de/7579474/47472930_digital-image.png"
"Berentzen Waldfrucht 0,7l","Berentzen","4041500245023","7.29","0,70l (1 l = 10,41 €)","Monats-Highlights","False","https://img.rewe-static.de/0591599/3041190_digital-image.png"
"Dentinox Zinksalbe 45g","Dentinox","4102968000385","5.99","45g (1 kg = 133,11 €)","Monats-Highlights","False","https://img.rewe-static.de/7210036/33972810_digital-image.png"
"Lavera Basis Sensitiv Waschgel Bio Aloe Vera & Jojoba 125ml","Lavera","4021457650033","5.99","125ml (1 l = 47,92 €)","Monats-Highlights","False","https://img.rewe-static.de/2398945/24046346_digital-image.png"
"Lindt Pralinés Hochfein 200g","Lindt","4000539103865","13.99","200g (1 kg = 69,95 €)","Monats-Highlights","False","https://img.rewe-static.de/8339150/29834905_digital-image.png"
"Pedigree Denta Stix Daily Oral Care für große Hunde 42 Stück","Pedigree","5998749142127","12.99","1,62g (1 kg = 8,02 €)","Monats-Highlights","False","https://img.rewe-static.de/8612899/34779323_digital-image.png"
"Teekanne Erfrischende Minze 113g, 50 Beutel","Teekanne","4009300001140","3.39","113g (1 kg = 30 €)","Monats-Highlights","False","https://img.rewe-static.de/4288017/24943262_digital-image.png"
"Veuve Clicquot Yellow Label Brut Champagner 0,75l","Veuve Clicquot","3049614222245","55.99","0,75l (1 l = 74,65 €)","Monats-Highlights","False","https://img.rewe-static.de/4667131/1492280_digital-image.png"
"Ültje Fusion Peanut meets Paprika 150g","Ültje","4004980409507","1.99","150g (1 kg = 13,27 €)","Monats-Highlights","False","https://img.rewe-static.de/7657306/41053134_digital-image.png"
"Lavera Basis Sensitiv Feuchtigkeitscreme 50ml","Lavera","4021457649945","8.99","50ml (1 l = 179,80 €)","Monats-Highlights","False","https://img.rewe-static.de/1049169/39360443_digital-image.png"
"Lindt Pralinés Classic Confiserie für Kenner 200g","Lindt","4000539103087","11.99","200g (1 kg = 59,95 €)","Monats-Highlights","False","https://img.rewe-static.de/8068833/29834899_digital-image.png"
"Kleiner Feigling Original 12x0,02l","Kleiner Feigling","4004752254984","6.99","12x0,02l (1 l = 29,13 €)","Monats-Highlights","False","https://img.rewe-static.de/7059363/27309730_digital-image.png"
"Kuemmerling Kräuterlikör 25x20ml","Kuemmerling","4002645000137","12.99","25x0,02l (1 l = 25,98 €)","Monats-Highlights","False","https://img.rewe-static.de/7459793/611220_digital-image.png"
"Lindt Pralinés Royal 300g","Lindt","4000539103162","19.99","300g (1 kg = 66,63 €)","Monats-Highlights","False","https://img.rewe-static.de/8326817/29835553_digital-image.png"
"Head & Shoulders Anti-Schuppen Shampoo Apple Fresh 500ml","Head & Shoulders","8001090896049","6.99","500ml (1 l = 13,98 €)","Monats-Highlights","False","https://img.rewe-static.de/2952325/25508611_digital-image.png"
"Heidsieck & Co. Champagne Monopole Blue Top 0,75l","Heidsieck & Co.","3256931113815","32.99","0,75l (1 l = 43,99 €)","Monats-Highlights","False","https://img.rewe-static.de/4915283/1044060_digital-image.png"
"Three Sixty Energy & Vodka 330ml","Three Sixty","4007675333309","2.59","0,33l (1 l = 7,85 €)","Monats-Highlights","False","https://img.rewe-static.de/8326330/30878184_digital-image.png"
"Vanozza Mozzarella Geschmack vegan 160g","NA","4170000102366","2.99","160g (1 kg = 18,69 €)","Monats-Highlights","False","https://img.rewe-static.de/7660548/41810402_digital-image.png"
"Heidsieck & Co Monopole Blue Top Champagne Brut 0,2l","Heidsieck & Co.","3256930103831","12.99","0,20l (1 l = 64,95 €)","Monats-Highlights","False","https://img.rewe-static.de/8676526/1372280_digital-image.png"
"Jim Beam White & Cola Zero 0,33l","Jim Beam","5060045587213","2.69","0,33l (1 l = 8,15 €)","Monats-Highlights","False","https://img.rewe-static.de/7198581/27642230_digital-image.png"
"Malibu Pineapple 0,25l","Malibu","4005971391689","2.69","0,25l (1 l = 10,76 €)","Monats-Highlights","False","https://img.rewe-static.de/7206099/27660710_digital-image.png"
"Absolut Vodka Sprite 0,25l","Absolut","5000112669909","2.79","0,25l (1 l = 11,16 €)","Monats-Highlights","False","https://img.rewe-static.de/7593239/42953309_digital-image.png"
"REWE Feine Welt Schokopunsch 0,7l","REWE Feine Welt","4337256833554","7.99","0,70l (1 l = 11,41 €)","Monats-Highlights","False","https://img.rewe-static.de/7575243/43612375_digital-image.png"
"Berentzen Saurer Apfel 0,7l","Berentzen","4041500037024","7.29","0,70l (1 l = 10,41 €)","Monats-Highlights","False","https://img.rewe-static.de/7800169/860690_digital-image.png"
"Gorbatschow Mixed Lemon 0,33l","Gorbatschow","4003310014800","2.99","0,33l (1 l = 9,06 €)","Monats-Highlights","False","https://img.rewe-static.de/2582908/24485685_digital-image.png"
"Vanozza No Sheep Greek vegan 150g","NA","4270004203530","2.99","150g (1 kg = 19,93 €)","Monats-Highlights","False","https://img.rewe-static.de/9970131/45924920_digital-image.png"
"Ostmann Pfeffer weiß gemahlen 60g","Ostmann","4002674054729","2.59","60g (1 kg = 43,17 €)","Monats-Highlights","False","https://img.rewe-static.de/4206002/7470310_digital-image.png"
"Mango Maracuja Limes 0,7l","NA","4337256923453","4.99","0,70l (1 l = 7,13 €)","Monats-Highlights","False","https://img.rewe-static.de/9927688/46815601_digital-image.png"
"Weleda Skin Food Light Feuchtigkeitspflege 75ml","Weleda","4001638501491","9.99","75ml (1 l = 133,20 €)","Monats-Highlights","False","https://img.rewe-static.de/8285281/29271526_digital-image.png"
"Kleiner Feigling Sahnelikör Coco Biscuit 0,5l","Kleiner Feigling","4004752252416","7.99","0,50l (1 l = 15,98 €)","Monats-Highlights","False","https://img.rewe-static.de/2065939/22634553_digital-image.png"
"Kleiner Feigling 0,5l","Kleiner Feigling","4004752252492","7.99","0,50l (1 l = 15,98 €)","Monats-Highlights","False","https://img.rewe-static.de/2065945/22363580_digital-image.png"
"Bombay Sapphire Gin Tonic 0,25l","Bombay","7640175742485","3.29","0,25l (1 l = 13,16 €)","Monats-Highlights","False","https://img.rewe-static.de/8399036/32202785_digital-image.png"
"Klüvers Brauerei Heimat Craftbeer 4x0,33l","Klüvers","4260350715900","5.49","4x0,33l (1 l = 4,16 €)","Monats-Highlights","False","https://img.rewe-static.de/8427254/33650164_digital-image.png"
"Klüvers Pils 4x0,33l","Klüvers","4260350715917","5.49","4x0,33l (1 l = 4,16 €)","Monats-Highlights","False","https://img.rewe-static.de/8428308/33608744_digital-image.png"
"ja! Frikadellenbällchen 500g","ja!","4337256622035","3.19","500g (1 kg = 6,38 €)","Monats-Highlights","False","https://img.rewe-static.de/4509650/1721800_digital-image.png"
"ja! Mozzarella Sticks 250g","ja!","4337256467971","2.29","250g (1 kg = 9,16 €)","Monats-Highlights","False","https://img.rewe-static.de/8836740/36427643_digital-image.png"
"ja! Mett-Enden geräuchert 300g","ja!","4337256524742","2.79","300g (1 kg = 9,30 €)","Monats-Highlights","False","https://img.rewe-static.de/1374472/20095410_digital-image.png"
"Wilhelm Brandenburg Hähnchen-Brustfilet Teilstück 2 Stück","Wilhelm Brandenburg","2183320000009","5.22","1 Stück ca. 350 g (1 kg = 14,90 €)","Regional","False","https://img.rewe-static.de/8508872/35606182_digital-image.png"
"Wilhelm Brandenburg Hähnchen-Geschnetzeltes 400g","Wilhelm Brandenburg","4337256156837","5.99","400g (1 kg = 14,98 €)","Regional","False","https://img.rewe-static.de/7952723/35606203_digital-image.png"
"REWE Regional Apfel rot 2kg","REWE Regional","23592506","3.99","2kg (1 kg = 2 €)","Regional","False","https://img.rewe-static.de/2089420/23271302_digital-image.png"
"Wilhelm Brandenburg Hähnchen-Minutenschnitzel 400g","Wilhelm Brandenburg","4337256163026","5.55","400g (1 kg = 13,88 €)","Regional","True","https://img.rewe-static.de/7952505/35606256_digital-image.png"
"REWE Regional Delikatess Mettwurst geräuchert fein 80g","REWE Regional","4337256272971","1.99","80g (1 kg = 24,88 €)","Regional","False","https://img.rewe-static.de/8037004/30373061_digital-image.png"
"Hamfelder Hof Bio Vollmilch länger haltbar 3,8% 1l","Hamfelder Hof","4056479184006","1.99","1l","Regional","False","https://img.rewe-static.de/8247919/23949334_digital-image.png"
"Nordlicht Landbier Mild 20x0,33l","Nordlicht","4388860702125","9.99","20x0,33l (1 l = 1,51 €)","Regional","False","https://img.rewe-static.de/8363910/30157157_digital-image.png"
"REWE Regional Rostbratwürstchen 400g","REWE Regional","4337256284738","5.49","400g (1 kg = 13,73 €)","Regional","False","https://img.rewe-static.de/7298796/28300485_digital-image.png"
"Hamfelder Hof Bio Frischer Haferdrink 1l","Hamfelder Hof","4056479884005","1.99","1l","Regional","False","https://img.rewe-static.de/8913158/39216347_digital-image.png"
"REWE Regional Delikatess Mettwurst geräuchert grob 80g","REWE Regional","4337256293150","1.99","80g (1 kg = 24,88 €)","Regional","False","https://img.rewe-static.de/8037114/30373064_digital-image.png"
"Kartoffeln Belana festkochend aus der Region 2,5kg","NA","4260470040043","3.29","2,50kg (1 kg = 1,32 €)","Regional","False","https://img.rewe-static.de/7244008/38573728_digital-image.png"
"Wilhelm Brandenburg Hähnchen-Innenbrustfilet 350g","Wilhelm Brandenburg","4337256161237","4.99","350g (1 kg = 14,26 €)","Regional","False","https://img.rewe-static.de/8509031/35606216_digital-image.png"
"Nordlicht Landbier Mild 0,5l","Nordlicht","4337256085069","0.79","0,50l (1 l = 1,58 €)","Regional","False","https://img.rewe-static.de/7990044/31378361_digital-image.png"
"Ammerländer Weidekäse Filet- Gouda 150g","Ammerländer","4000436503669","1.79","150g (1 kg = 11,93 €)","Regional","False","https://img.rewe-static.de/7179402/28696870_digital-image.png"
"Wilhelm Brandenburg Hähnchen-Unterschenkel 4-6 Stück","Wilhelm Brandenburg","2118900000001","3.5","1 Stück ca. 500 g (1 kg = 6,99 €)","Regional","False","https://img.rewe-static.de/8506982/35606272_digital-image.png"
"REWE Regional Delikatess Kohlwurst geräuchert 300g","REWE Regional","4337256293297","4.49","300g (1 kg = 14,97 €)","Regional","False","https://img.rewe-static.de/8371494/30373067_digital-image.png"
"REWE Regional Schinkenwürstchen 400g","REWE Regional","4388860235159","5.49","400g (1 kg = 13,73 €)","Regional","False","https://img.rewe-static.de/7298998/28299784_digital-image.png"
"Lütauer Apfel-Kirsch-Saft 0,7l","NA","4034025000093","1.99","0,70l (1 l = 2,84 €)","Regional","False","https://img.rewe-static.de/1355398/31691066_digital-image.png"
"Magnus Mineralwasser Medium 12x0,7l","Magnus","4001228113080","5.49","12x0,70l (1 l = 0,65 €)","Regional","False","https://img.rewe-static.de/7195141/24075118_digital-image.png"
"Magnus Mineralwasser Classic 12x0,7l","Magnus","4001228113172","5.49","12x0,70l (1 l = 0,65 €)","Regional","False","https://img.rewe-static.de/4227395/22431917_digital-image.png"
"Lütauer Orangensaft 0,7l","NA","4034025000062","3.09","0,70l (1 l = 4,41 €)","Regional","False","https://img.rewe-static.de/1195706/29197698_digital-image.png"
"REWE Regional Delikatess Wiener 400g","REWE Regional","4337256295581","5.49","400g (1 kg = 13,73 €)","Regional","False","https://img.rewe-static.de/7296089/28298836_digital-image.png"
"Klüvers Manufaktur Erbsensuppe 690g","NA","4260350710110","6.49","690g (1 kg = 9,41 €)","Regional","False","https://img.rewe-static.de/3272145/36919845_digital-image.png"
"Hamfelder Hof Bio Vollmilch länger haltbar 3,8% 0,5l","Hamfelder Hof","4056479184044","1.19","0,50l (1 l = 2,38 €)","Regional","False","https://img.rewe-static.de/0066278/26187021_digital-image.png"
"Lütauer Bio Apfelsaft 0,7l","NA","4034025000048","1.79","0,70l (1 l = 2,56 €)","Regional","False","https://img.rewe-static.de/1365845/36336092_digital-image.png"
"REWE Regional Kleine Wiener Würstchen 380g","REWE Regional","4337256436823","3.39","150g (1 kg = 22,60 €)","Regional","False","https://img.rewe-static.de/8753648/36283842_digital-image.png"
"REWE Regional Apfel rot 900g","REWE Regional","21907470","2.69","1 Stück","Regional","False","https://img.rewe-static.de/1907470/23271236_digital-image.png"
"REWE Regional Schinkengriller 480g","REWE Regional","4337256287982","5.99","480g (1 kg = 12,48 €)","Regional","False","https://img.rewe-static.de/7297381/28213400_digital-image.png"
"Wilhelm Brandenburg Hähnchen Geschnetzeltes 500g","Wilhelm Brandenburg","4337256276726","4.99","500g (1 kg = 9,98 €)","Regional","False","https://img.rewe-static.de/8653970/35727247_digital-image.png"
"Magnus Mineralwasser Still 12x0,75l","Magnus","4001228113097","5.49","12x0,70l (1 l = 0,65 €)","Regional","False","https://img.rewe-static.de/9778586/24075227_digital-image.png"
"REWE Regional Rostbratwurst 480g","REWE Regional","4337256295925","5.99","480g (1 kg = 12,48 €)","Regional","False","https://img.rewe-static.de/7295678/28300770_digital-image.png"
"Hänchenbrustpastete mit Spargel","NA","5411319021474","1.99","1 Stück ca. 100 g (1 kg = 19,90 €)","Regional","False","https://img.rewe-static.de/2683466/23674585_digital-image.png"
"Hamfelder Hof Bio fettarme Milch 1,5% 1l","Hamfelder Hof","4056479184105","1.99","1l","Regional","False","https://img.rewe-static.de/8247960/24050527_digital-image.png"
"Wilhelm Brandenburg Hähnchen-Ministeaks 400g","Wilhelm Brandenburg","4337256157650","5.99","400g (1 kg = 14,98 €)","Regional","False","https://img.rewe-static.de/8506882/35606252_digital-image.png"
"REWE Regional Frische Vollmilch 3,5% 1l","REWE Regional","4337256216111","1.29","1l","Regional","False","https://img.rewe-static.de/7254272/28250560_digital-image.png"
"REWE Regional Curry-Bockwurst in Eigenhaut 540g","REWE Regional","4337256288439","6.99","540g (1 kg = 12,94 €)","Regional","False","https://img.rewe-static.de/7296485/28213635_digital-image.png"
"Unser Norden REWE Regional Katenschinken, gewürfelt, mager 100g","REWE Regional","4337256303378","2.09","100g (1 kg = 20,90 €)","Regional","False","https://img.rewe-static.de/7273482/28340106_digital-image.png"
"Lütauer Apfelsaft klar 0,7l","NA","4034025000024","1.69","0,70l (1 l = 2,41 €)","Regional","False","https://img.rewe-static.de/1195680/28309177_digital-image.png"
"REWE Regional Reibekuchen 640g","REWE Regional","4337256165082","3.49","640g (1 kg = 5,45 €)","Regional","False","https://img.rewe-static.de/7950309/32169595_digital-image.png"
"Kemm Echte Kemmsche Kuchen 200g","Kemm","4008253000019","2.89","200g (1 kg = 14,45 €)","Regional","False","https://img.rewe-static.de/0207578/21917117_digital-image.png"
"De Beukelaer Prinzen Rolle Schoko 400g","De Beukelaer","4001518117316","2.29","400g (1 kg = 5,73 €)","Süßes & Salziges","False","https://img.rewe-static.de/9967769/46077196_digital-image.png"
"Pringles Sour Cream & Onion Chips 165g","Pringles","5053990127740","2.49","165g (1 kg = 15,09 €)","Süßes & Salziges","False","https://img.rewe-static.de/3552434/42866554_digital-image.png"
"Kinder Riegel 18 Stück, 378g","Kinder","4008400221823","4.89","18x21g (1 kg = 12,94 €)","Süßes & Salziges","False","https://img.rewe-static.de/0249183/6513720_digital-image.png"
"Kinder Riegel +1 21g","Kinder","4008400221120","2.99","11x21g (1 kg = 12,94 €)","Süßes & Salziges","False","https://img.rewe-static.de/3169057/2342510_digital-image.png"
"Mitsuba Thai Chili Crispies 85g","Mitsuba","8711299009644","2.49","85g (1 kg = 29,29 €)","Süßes & Salziges","False","https://img.rewe-static.de/8349986/30311577_digital-image.png"
"Knoppers Erdnuss Riegel 200g, 5 Stück","Knoppers","4014400929355","2.19","5x40g (1 kg = 10,95 €)","Süßes & Salziges","False","https://img.rewe-static.de/8388291/30588559_digital-image.png"
"Kinder Schoko-Bons 300g","Kinder","4008400280127","4.99","300g (1 kg = 16,63 €)","Süßes & Salziges","False","https://img.rewe-static.de/0762600/8703610_digital-image.png"
"Balisto Schokoriegel Korn-Cereal 8x18,5g","Balisto","5000159472852","2.59","8x18,50g (1 kg = 17,50 €)","Süßes & Salziges","False","https://img.rewe-static.de/3345426/42812419_digital-image.png"
"Milky Way Minis Schokoriegel 16x15,5g","Milky Way","5000159561464","3.99","275g (1 kg = 14,51 €)","Süßes & Salziges","False","https://img.rewe-static.de/9054656/43331111_digital-image.png"
"Twix Minis Schokoriegel 275g","Twix","5000159560696","3.99","275g (1 kg = 14,51 €)","Süßes & Salziges","False","https://img.rewe-static.de/9052189/43330973_digital-image.png"
"Kinder Joy Überraschungsei 20g","Kinder","80310891","1.29","20g (1 kg = 64,50 €)","Süßes & Salziges","False","https://img.rewe-static.de/3299546/2424900_digital-image.png"
"Kinder Cards 128g, 5 Stück","Kinder","8000500269169","2.89","5x25,60g (1 kg = 22,58 €)","Süßes & Salziges","False","https://img.rewe-static.de/3417048/28779175_digital-image.png"
"Haribo Fruchtgummi Pfirsich 175g","Haribo","4001686327579","0.79","175g (1 kg = 4,51 €)","Süßes & Salziges","True","https://img.rewe-static.de/7770986/36839564_digital-image.png"
"Merci Petits Chocolate Collection 125g","Merci","4014400925395","2.19","125g (1 kg = 17,52 €)","Süßes & Salziges","False","https://img.rewe-static.de/8101139/29261633_digital-image.png"
"Funny-frisch Chipsfrisch Sour Cream 150g","Funny-frisch","4003586101723","1.99","150g (1 kg = 13,27 €)","Süßes & Salziges","False","https://img.rewe-static.de/7752891/37167359_digital-image.png"
"Ültje Erdnüsse geröstet & gesalzen 180g","Ültje","4004980401907","2.49","180g (1 kg = 13,83 €)","Süßes & Salziges","False","https://img.rewe-static.de/7780813/36335652_digital-image.png"
"Leibniz Minis Choco Keks 125g","Leibniz","4017100206009","2.29","125g (1 kg = 18,32 €)","Süßes & Salziges","False","https://img.rewe-static.de/0753300/13192220_digital-image.png"
"Tuc Cracker Original 100g","Tuc","5410041001204","1.49","100g (1 kg = 14,90 €)","Süßes & Salziges","False","https://img.rewe-static.de/0215147/1197720_digital-image.png"
"Knoppers 8x25g","Knoppers","4014400928907","2.19","8x25g (1 kg = 10,95 €)","Süßes & Salziges","False","https://img.rewe-static.de/8633070/3875200_digital-image.png"
"Katjes Grün-Ohr Hase vegan 175g","Katjes","4037400344768","1.19","175g (1 kg = 6,80 €)","Süßes & Salziges","False","https://img.rewe-static.de/9054920/40286177_digital-image.png"
"Daim Pralinen 200g","Daim","7622400928604","3.49","200g (1 kg = 17,45 €)","Süßes & Salziges","False","https://img.rewe-static.de/2994755/3712090_digital-image.png"
"M&M's Peanut 250g","M&M's","4011100005846","3.99","250g (1 kg = 15,96 €)","Süßes & Salziges","False","https://img.rewe-static.de/4348150/22301397_digital-image.png"
"Leibniz Zoo Dinkel & Hafer 125g","Leibniz","4017100138126","1.79","125g (1 kg = 14,32 €)","Süßes & Salziges","False","https://img.rewe-static.de/8722879/35771598_digital-image.png"
"Chio Tortilla Salted 110g","Chio","4001242105924","0.99","110g (1 kg = 9 €)","Süßes & Salziges","True","https://img.rewe-static.de/8827889/38459872_digital-image.png"
"REWE Bio Sonnenblumenkerne 500g","REWE Bio","4337256361996","1.79","500g (1 kg = 3,58 €)","Süßes & Salziges","False","https://img.rewe-static.de/8420409/31612273_digital-image.png"
"Chio Tortillas Mexican BBQ Style 110g","Chio","4001242106471","0.99","110g (1 kg = 9 €)","Süßes & Salziges","True","https://img.rewe-static.de/9982742/45203634_digital-image.png"
"Duplo White 182g, 10 Stück","Ferrero","4008400671529","2.99","182g (1 kg = 16,43 €)","Süßes & Salziges","False","https://img.rewe-static.de/2467734/27776719_digital-image.png"
"Trolli Apfelringe 150g","Trolli","4000512463443","1.09","150g (1 kg = 7,27 €)","Süßes & Salziges","False","https://img.rewe-static.de/1361569/39489741_digital-image.png"
"REWE Beste Wahl Marshmallows 300g","REWE Beste Wahl","4337256803458","1.79","300g (1 kg = 5,97 €)","Süßes & Salziges","False","https://img.rewe-static.de/7196860/27566591_digital-image.png"
"Seeberger Mangos ungezuckert 100g","Seeberger","4008258276006","3.49","100g (1 kg = 34,90 €)","Süßes & Salziges","False","https://img.rewe-static.de/0700089/5259010_digital-image.png"
"merci Schokolade Kaffee-Sahne 100g","Merci","4014400914269","1.49","100g (1 kg = 14,90 €)","Süßes & Salziges","False","https://img.rewe-static.de/1093210/10358940_digital-image.png"
"Funny-Frisch Chipsfrisch Chili Cheese Fries 150g","Funny-frisch","4003586107350","1.99","150g (1 kg = 13,27 €)","Süßes & Salziges","False","https://img.rewe-static.de/7721817/37767172_digital-image.png"
"Lorenz Naturals Balsamico 95g","Lorenz","4018077714054","2.19","95g (1 kg = 23,05 €)","Süßes & Salziges","False","https://img.rewe-static.de/7239472/27878134_digital-image.png"
"Mitsuba Wasabi Peanut Crunch 125g","Mitsuba","8711299009842","2.49","125g (1 kg = 19,92 €)","Süßes & Salziges","False","https://img.rewe-static.de/8352522/31504370_digital-image.png"
"Lorenz Saltletts Sticks Classic 250g","Lorenz","4017100706004","1.11","250g (1 kg = 4,44 €)","Süßes & Salziges","True","https://img.rewe-static.de/3733424/29592289_digital-image.png"
"REWE Beste Wahl Käsebällchen 175g","REWE Beste Wahl","4337256465717","1.19","175g (1 kg = 6,80 €)","Süßes & Salziges","False","https://img.rewe-static.de/1939015/21669307_digital-image.png"
"Nestlé Smarties Bunte Schokolinsen Mini Schachteln 187g","SMARTIES","7613287110688","4.49","187g (1 kg = 24,01 €)","Süßes & Salziges","False","https://img.rewe-static.de/2749243/24897663_digital-image.png"
"Ritter Sport Rum Trauben Nuss 100g","Ritter Sport","4000417601216","1.89","100g (1 kg = 18,90 €)","Süßes & Salziges","False","https://img.rewe-static.de/8749218/36786098_digital-image.png"
"Milka Schokolade Triolade 280g","Milka","7622210690852","3.89","280g (1 kg = 13,89 €)","Süßes & Salziges","False","https://img.rewe-static.de/7075549/27662117_digital-image.png"
"Katjes Wunderland Party vegan 175g","Katjes","4037400344751","1.19","175g (1 kg = 6,80 €)","Süßes & Salziges","False","https://img.rewe-static.de/8968916/40286220_digital-image.png"
"Oreo Cookies Golden 154g","Oreo","7622210977434","1.79","154g (1 kg = 11,62 €)","Süßes & Salziges","False","https://img.rewe-static.de/8251450/28624865_digital-image.png"
"Orient Delight Dubai Chocolate 200g","NA","792671157151","9.99","200g (1 kg = 49,95 €)","Süßes & Salziges","False","https://img.rewe-static.de/9928203/46151261_digital-image.png"
"Haribo Fruchtgummi Tropifrutti 175g","Haribo","4001686322963","0.79","175g (1 kg = 4,51 €)","Süßes & Salziges","True","https://img.rewe-static.de/7770903/36839570_digital-image.png"
"Haribo Fruchtgummi Happy-Cola 175g","Haribo","4001686327517","0.79","175g (1 kg = 4,51 €)","Süßes & Salziges","True","https://img.rewe-static.de/8792974/36839478_digital-image.png"
"Mikado Keks-Sticks Milchschokolade 75g","Mikado","7622300476144","1.69","75g (1 kg = 22,53 €)","Süßes & Salziges","False","https://img.rewe-static.de/0989744/27661937_digital-image.png"
"nimm2 Lachgummi Softies 225g","Nimm2","4014400916850","1.29","225g (1 kg = 5,73 €)","Süßes & Salziges","False","https://img.rewe-static.de/1343508/18209370_digital-image.png"
"Haribo Roulette 150g","Haribo","4001686372852","0.79","150g (1 kg = 5,27 €)","Süßes & Salziges","True","https://img.rewe-static.de/8792892/36811582_digital-image.png"
"Pringles Sweet Paprika Chips 165g","Pringles","5053990175123","2.49","165g (1 kg = 15,09 €)","Süßes & Salziges","False","https://img.rewe-static.de/7596061/42866906_digital-image.png"
"Funny-frisch Frit-Sticks ungarisch 100g","Funny-frisch","4003586105196","1.99","100g (1 kg = 19,90 €)","Süßes & Salziges","False","https://img.rewe-static.de/9984707/44570225_digital-image.png"
"Pez Nachfüller Frucht 8-pack 68g","PEZ","9044400231009","1.29","68g (1 kg = 18,97 €)","Süßes & Salziges","False","https://img.rewe-static.de/5416540/7477250_digital-image.png"
"Funny-frisch Chipsfrisch ungarisch 150g","Funny-frisch","4003586101310","1.99","150g (1 kg = 13,27 €)","Süßes & Salziges","False","https://img.rewe-static.de/9988845/44520791_digital-image.png"
"Lorenz Clubs Cracker mit Sesam 180g","Lorenz","4018077009587","1.89","180g (1 kg = 10,50 €)","Süßes & Salziges","False","https://img.rewe-static.de/7603818/43369096_digital-image.png"
"REWE Feine Welt Shortbread Fingers 150g","REWE Feine Welt","4337256766388","2.49","150g (1 kg = 16,60 €)","Süßes & Salziges","False","https://img.rewe-static.de/7288534/28063476_digital-image.png"
"Haribo Kinder Party 250g","Haribo","4001686003015","2.49","250g (1 kg = 9,96 €)","Süßes & Salziges","False","https://img.rewe-static.de/9034263/42148824_digital-image.png"
"REWE Feine Welt Honey Butter Cashews 130g","REWE Feine Welt","4337256501729","2.49","130g (1 kg = 19,15 €)","Süßes & Salziges","False","https://img.rewe-static.de/8797513/37502859_digital-image.png"
"Katjes Yoghurt Gums vegetarisch 175g","Katjes","4037400344737","1.19","175g (1 kg = 6,80 €)","Süßes & Salziges","False","https://img.rewe-static.de/7662545/40286113_digital-image.png"
"Milka Schokolade Alpenmilch 270g","Milka","7622210690883","3.89","270g (1 kg = 14,41 €)","Süßes & Salziges","False","https://img.rewe-static.de/7075122/27975051_digital-image.png"
"Milka Schokolade Alpenmilch 100g","Milka","3045140105502","1.99","100g (1 kg = 19,90 €)","Süßes & Salziges","False","https://img.rewe-static.de/0196479/3851190_digital-image.png"
"Katjes Fred Ferkel vegan 175g","Katjes","4037400344775","1.19","175g (1 kg = 6,80 €)","Süßes & Salziges","False","https://img.rewe-static.de/7659637/40263309_digital-image.png"
"Milka Schokolade Schoko & Keks 300g","Milka","7622200009084","3.89","300g (1 kg = 12,97 €)","Süßes & Salziges","False","https://img.rewe-static.de/9654410/26837417_digital-image.png"
"Mars Schokoriegel 5x45g","Mars","5900951311390","2.59","5x45g (1 kg = 11,51 €)","Süßes & Salziges","False","https://img.rewe-static.de/9053649/43186644_digital-image.png"
"Kinder Kinderini 250g","Kinder","8000500391228","3.49","250g (1 kg = 13,96 €)","Süßes & Salziges","False","https://img.rewe-static.de/9030601/43928698_digital-image.png"
"Katjes Wunderland Rainbow Edition vegan 175g","Katjes","4037400344799","1.19","175g (1 kg = 6,80 €)","Süßes & Salziges","False","https://img.rewe-static.de/7661802/40286110_digital-image.png"
"Katjes Easylife Sour vegan 160g","Katjes","4037400344423","1.19","160g (1 kg = 7,44 €)","Süßes & Salziges","False","https://img.rewe-static.de/8754991/36045032_digital-image.png"
"Milka Schokolade Kuhflecken 100g","Milka","7622400005190","1.99","100g (1 kg = 19,90 €)","Süßes & Salziges","False","https://img.rewe-static.de/3159680/26892519_digital-image.png"
"Katjes Fruchtgummi ColaLife vegan 160g","Katjes","4037400431734","1.19","160g (1 kg = 7,44 €)","Süßes & Salziges","False","https://img.rewe-static.de/8306358/29265412_digital-image.png"
"Katjes Fruchtgummi Party Fred vegan 175g","Katjes","4037400344164","1.19","175g (1 kg = 6,80 €)","Süßes & Salziges","False","https://img.rewe-static.de/7887878/33382395_digital-image.png"
"Katjes Al Paka Cola vegan 175 g","Katjes","4037400345321","1.19","175g (1 kg = 6,80 €)","Süßes & Salziges","False","https://img.rewe-static.de/9954091/45732382_digital-image.png"
"Katjes Glücksgefühle vegan 175g","Katjes","4037400344881","1.19","175g (1 kg = 6,80 €)","Süßes & Salziges","False","https://img.rewe-static.de/7659029/40286091_digital-image.png"
"REWE Bio Maisflips 80g","REWE Bio","4337256823425","0.99","80g (1 kg = 12,38 €)","Süßes & Salziges","False","https://img.rewe-static.de/7584527/43270010_digital-image.png"
"Ültje Erdnüsse geröstet & gesalzen 180g","Ültje","4004980512801","2.49","180g (1 kg = 13,83 €)","Süßes & Salziges","False","https://img.rewe-static.de/7778809/36335506_digital-image.png"
"Celebrations Pralinen Mix 269g","Celebrations","5000159500296","5.49","269g (1 kg = 20,41 €)","Süßes & Salziges","False","https://img.rewe-static.de/3142097/26994300_digital-image.png"
"Haribo Fruchtgummi Color-Rado 175g","Haribo","4001686725504","0.79","175g (1 kg = 4,51 €)","Süßes & Salziges","True","https://img.rewe-static.de/8792965/36838976_digital-image.png"
"Haribo Fruchtgummi Primavera Erdbeeren 175g","Haribo","4001686327609","0.79","175g (1 kg = 4,51 €)","Süßes & Salziges","True","https://img.rewe-static.de/8790989/36839497_digital-image.png"
"Haribo Fruchtgummi Berries 175g","Haribo","4001686327845","0.79","175g (1 kg = 4,51 €)","Süßes & Salziges","True","https://img.rewe-static.de/8792359/36839576_digital-image.png"
"Lorenz Crunchips Paprika 150g","Lorenz","4018077004377","1.99","150g (1 kg = 13,27 €)","Süßes & Salziges","False","https://img.rewe-static.de/7741099/36873912_digital-image.png"
"Haribo Lakritz Parade 175g","Haribo","4001686327784","0.79","175g (1 kg = 4,51 €)","Süßes & Salziges","True","https://img.rewe-static.de/8792782/36839402_digital-image.png"
"Leibniz Pick up! Original Choco 5x28g","Pick Up!","4017100282812","2.39","5x28g (1 kg = 17,07 €)","Süßes & Salziges","False","https://img.rewe-static.de/7772338/36532683_digital-image.png"
"REWE Feine Welt Kartoffelchips mit Trüffelgeschmack 100g","REWE Feine Welt","4337256034104","1.69","100g (1 kg = 16,90 €)","Süßes & Salziges","False","https://img.rewe-static.de/8000504/31147909_digital-image.png"
"Lorenz Pommels Original 75g","Lorenz","4018077619458","1.99","75g (1 kg = 26,53 €)","Süßes & Salziges","False","https://img.rewe-static.de/1400102/21215403_digital-image.png"
"Lorenz NicNac's Burn Hot & Spicy 110g","Lorenz","4018077768491","1.11","110g (1 kg = 10,09 €)","Süßes & Salziges","True","https://img.rewe-static.de/8599979/33381915_digital-image.png"
"Leibniz Choco Black 'n' White 125g","Leibniz","4017100287022","2.29","125g (1 kg = 18,32 €)","Süßes & Salziges","False","https://img.rewe-static.de/2233319/22906379_digital-image.png"
"Leibniz Minis Glutenfrei Keks 100g","Leibniz","4017100377815","2.69","100g (1 kg = 26,90 €)","Süßes & Salziges","False","https://img.rewe-static.de/3247540/26844290_digital-image.png"
"Villosa Sallos Schwarzweich Lakritz Salmiak 200g","Villosa","4030300572064","1.19","200g (1 kg = 5,95 €)","Süßes & Salziges","False","https://img.rewe-static.de/7959658/32048676_digital-image.png"
"Freche Freunde Bio Erdbeere Fruchtchips 12g","Freche Freunde","4260249140530","1.89","12g (1 kg = 157,50 €)","Süßes & Salziges","False","https://img.rewe-static.de/2388398/24940090_digital-image.png"
"REWE Beste Wahl Sahne Toffees 400g","REWE Beste Wahl","4337256382694","2.59","400g (1 kg = 6,48 €)","Süßes & Salziges","False","https://img.rewe-static.de/8686876/36219109_digital-image.png"
"Ritter Sport Pfefferminz 100g","Ritter Sport","4000417602817","1.89","100g (1 kg = 18,90 €)","Süßes & Salziges","False","https://img.rewe-static.de/8748427/36867839_digital-image.png"
"Wrigley's Extra Professional White Bubblemint 50 Stück","Wrigley's Extra","4009900543705","3.45","50 Stück","Süßes & Salziges","False","https://img.rewe-static.de/8967813/41230819_digital-image.png"
"Haribo Weingummi Wine Gums Maxipack 500g","Haribo","4001686310793","2.59","500g (1 kg = 5,18 €)","Süßes & Salziges","False","https://img.rewe-static.de/7986791/31533501_digital-image.png"
"Reese's 2 Peanut Butter Cups 39,5g","Reese's","34000442959","1.19","39,50g (1 kg = 30,13 €)","Süßes & Salziges","False","https://img.rewe-static.de/8410934/31189041_digital-image.png"
"Treets The Peanut Company 185g","Treets","4000281332513","1.79","185g (1 kg = 9,68 €)","Süßes & Salziges","False","https://img.rewe-static.de/8808255/36633774_digital-image.png"
"Red Band Lakritz-Münzen 500g","Red Band","8713800102813","2.79","500g (1 kg = 5,58 €)","Süßes & Salziges","False","https://img.rewe-static.de/6077854/5367680_digital-image.png"
"Skittles Kaubonbons Fruits 125g","Skittles","4009900500166","2.39","125g (1 kg = 19,12 €)","Süßes & Salziges","False","https://img.rewe-static.de/2925832/26022004_digital-image.png"
"Ritter Sport Nussklasse Honig-Salz-Mandel 100g","Ritter Sport","4000417670410","1.69","100g (1 kg = 16,90 €)","Süßes & Salziges","True","https://img.rewe-static.de/8745543/36867549_digital-image.png"
"Dextro Energy ImmunFit Multivitamin Geschmack 138g","Dextro Energy","42369318","2.25","138g (1 kg = 16,30 €)","Süßes & Salziges","False","https://img.rewe-static.de/7902681/33582006_digital-image.png"
"Jahnke Schoko Salmiak Brocken 175g","Jahnke","4000211035286","2.49","175g (1 kg = 14,23 €)","Süßes & Salziges","False","https://img.rewe-static.de/0907329/14078050_digital-image.png"
"Ritter Sport Trauben Nuss 100g","Ritter Sport","4000417602213","1.89","100g (1 kg = 18,90 €)","Süßes & Salziges","False","https://img.rewe-static.de/8747623/36867773_digital-image.png"
"Dextro Energy Würfel Zitrone+Vitamin C 138g","Dextro Energy","40468280","2.25","138g (1 kg = 16,30 €)","Süßes & Salziges","False","https://img.rewe-static.de/8787239/3531250_digital-image.png"
"Spunk Salz-Lakritz-Pastillen 20g","Toms Spunk","5774540680309","0.89","20g (1 kg = 44,50 €)","Süßes & Salziges","False","https://img.rewe-static.de/0809206/9692250_digital-image.png"
"Marabou Tafel Apelsinkrokant 220g","Marabou","7622201727727","3.99","220g (1 kg = 18,14 €)","Süßes & Salziges","False","https://img.rewe-static.de/9080141/43748013_digital-image.png"
"Ritter Sport Kakao-Mousse 100g","Ritter Sport","4000417629418","1.89","100g (1 kg = 18,90 €)","Süßes & Salziges","False","https://img.rewe-static.de/7802036/36867551_digital-image.png"
"Airwaves Cherry Menthol 12 Dragees","Airwaves","4009900519991","0.99","12 Stück","Süßes & Salziges","False","https://img.rewe-static.de/7057693/38731187_digital-image.png"
"Chio Dip! Mild Salsa 200ml","Chio","4001242108222","2.49","200ml (1 l = 12,45 €)","Süßes & Salziges","False","https://img.rewe-static.de/7838071/35802342_digital-image.png"
"Ritter Sport Chill Out Creamy Milk 100g","Ritter Sport","4000417628312","1.89","100g (1 kg = 18,90 €)","Süßes & Salziges","False","https://img.rewe-static.de/7621398/42059382_digital-image.png"
"Haribo Fruchtgummi Mega-Roulette 45g","Haribo","4001686372586","0.79","45g (1 kg = 17,56 €)","Süßes & Salziges","False","https://img.rewe-static.de/1232246/21204356_digital-image.png"
"Maryland Cashewkerne 500g","Maryland","4008088106757","7.99","500g (1 kg = 15,98 €)","Süßes & Salziges","False","https://img.rewe-static.de/0092037/24369867_digital-image.png"
"Mentos Kaugummi Full Fruit Dose 70g","Mentos","80731566","2.55","70g (1 kg = 36,43 €)","Süßes & Salziges","False","https://img.rewe-static.de/0206666/2663130_digital-image.png"
"Mentos Kaugummi Pure Fresh Mint 35 Stück","Mentos","80746829","2.55","70g (1 kg = 36,43 €)","Süßes & Salziges","False","https://img.rewe-static.de/0396700/3021600_digital-image.png"
"Marabou Nötchoklad Vollmilch-Nuss Tafel 220g","Marabou","7622201727130","3.99","220g (1 kg = 18,14 €)","Süßes & Salziges","False","https://img.rewe-static.de/9077024/43747897_digital-image.png"
"Niederegger Pralinen Männersache Whiskey Cola 50g","Niederegger","4000161020233","1.95","50g (1 kg = 39 €)","Süßes & Salziges","False","https://img.rewe-static.de/2744788/33709051_digital-image.png"
"Ültje Erdnüsse pur im Ofen gebacken & ungesalzen 200g","Ültje","4004980509801","2.49","200g (1 kg = 12,45 €)","Süßes & Salziges","False","https://img.rewe-static.de/7181271/29377254_digital-image.png"
"Party Parade Speck Marshmallows Spitztüte 250g","Party Parade","5411178837254","2.09","250g (1 kg = 8,36 €)","Süßes & Salziges","False","https://img.rewe-static.de/1914773/22429084_digital-image.png"
"Tic Tac Fresh Orange 18g","Tic Tac","40084640","0.95","18g (1 kg = 52,78 €)","Süßes & Salziges","False","https://img.rewe-static.de/0325296/7468860_digital-image.png"
"Ritz Cracker 200g","Ritz","5000396021202","1.69","200g (1 kg = 8,45 €)","Süßes & Salziges","False","https://img.rewe-static.de/8243700/7470760_digital-image.png"
"Storck Euka Menthol vegan 566g","Storck","4014400929560","1.89","566g (1 kg = 3,34 €)","Süßes & Salziges","False","https://img.rewe-static.de/8955508/40286345_digital-image.png"
"Doritos Sweet Chili Pepper 110g","Doritos","4062139006052","1.19","110g (1 kg = 10,82 €)","Süßes & Salziges","True","https://img.rewe-static.de/7795063/35974220_digital-image.png"
"Merci Große Vielfalt 400g","Merci","4014400900217","6.99","400g (1 kg = 17,48 €)","Süßes & Salziges","False","https://img.rewe-static.de/3731316/17360590_digital-image.png"
"Haribo Color-Rado Maxipack 1kg","Haribo","4001686721483","5.99","1000g","Süßes & Salziges","False","https://img.rewe-static.de/3022404/20695788_digital-image.png"
"Niederegger Marzipan Klassiker Riegel 50g","Niederegger","4000161100072","1.95","50g (1 kg = 39 €)","Süßes & Salziges","False","https://img.rewe-static.de/1133710/23080697_digital-image.png"
"Maryland Studentenfutter 300g","Maryland","4008088244084","2.99","300g (1 kg = 9,97 €)","Süßes & Salziges","False","https://img.rewe-static.de/0892441/9374090_digital-image.png"
"Maryland Studentenfutter Berry 275g","Maryland","4008088920018","3.49","275g (1 kg = 12,69 €)","Süßes & Salziges","False","https://img.rewe-static.de/2008824/21744171_digital-image.png"
"Lindt Excellence Schokolade Edelbitter mild 90% Cacao 100g","Lindt","3046920029759","3.99","100g (1 kg = 39,90 €)","Süßes & Salziges","False","https://img.rewe-static.de/0715656/21868183_digital-image.png"
"Pom-Bär Crizzlies Original 150g","Funny-frisch","4000522108433","2.79","150g (1 kg = 18,60 €)","Süßes & Salziges","False","https://img.rewe-static.de/8950716/40815549_digital-image.png"
"De Beukelaer Kex Farmer Cookies X-tra viel Schokolade 150g","De Beukelaer","4001518009314","1.89","150g (1 kg = 12,60 €)","Süßes & Salziges","False","https://img.rewe-static.de/5134706/10360210_digital-image.png"
"Haribo Color-Rado Party Box 750g","Haribo","4001686002513","4.69","750g (1 kg = 6,25 €)","Süßes & Salziges","False","https://img.rewe-static.de/9028038/42121905_digital-image.png"
"Wrigley's Extra Professional White Citrus 50 Dragees","Wrigley's Extra","4009900544078","3.45","50 Stück","Süßes & Salziges","False","https://img.rewe-static.de/7659573/40870322_digital-image.png"
"Haribo Phantasia Party Box 750g","Haribo","4001686002490","4.69","750g (1 kg = 6,25 €)","Süßes & Salziges","False","https://img.rewe-static.de/7622563/42121899_digital-image.png"
"nimm2 Bonbons 429g","Nimm2","4014400917772","1.99","429g (1 kg = 4,64 €)","Süßes & Salziges","False","https://img.rewe-static.de/1485028/20729017_digital-image.png"
"Dextro Energy Würfel Magnesium 138g","Dextro Energy","40468266","2.25","138g (1 kg = 16,30 €)","Süßes & Salziges","False","https://img.rewe-static.de/8787174/3728790_digital-image.png"
"Nutella B-Ready 132g","Nutella","8000500227848","2.19","6x22g (1 kg = 16,59 €)","Süßes & Salziges","False","https://img.rewe-static.de/3253794/26464775_digital-image.png"
"De Beukelaer Decor On Ice Waffel-Mix 84g","De Beukelaer","4001518115916","2.59","84g (1 kg = 30,83 €)","Süßes & Salziges","False","https://img.rewe-static.de/8791103/39172879_digital-image.png"
"Leibniz Butterkeks Choco Vollmilch 125g","Leibniz","4017100290008","2.29","125g (1 kg = 18,32 €)","Süßes & Salziges","False","https://img.rewe-static.de/0209066/1264930_digital-image.png"
"Funny-frisch Brezli 160g","Funny-frisch","4003586102959","1.59","160g (1 kg = 9,94 €)","Süßes & Salziges","False","https://img.rewe-static.de/7643274/41035997_digital-image.png"
"Milka Schokolade Strawberry Cheesecake 300g","Milka","7622210653215","3.89","300g (1 kg = 12,97 €)","Süßes & Salziges","False","https://img.rewe-static.de/8324804/30055887_digital-image.png"
"Funny-frisch Goldfischli Original 100g","Funny-frisch","4000522060038","1.49","100g (1 kg = 14,90 €)","Süßes & Salziges","False","https://img.rewe-static.de/3688437/1176710_digital-image.png"
"Lorenz NicNac's Original XL Fun Pack 170g","Lorenz","4018077007095","2.99","170g (1 kg = 17,59 €)","Süßes & Salziges","False","https://img.rewe-static.de/8941026/39709437_digital-image.png"
"Seeberger Kokoschips 110g","Seeberger","4008258147009","2.59","110g (1 kg = 23,55 €)","Süßes & Salziges","False","https://img.rewe-static.de/8619674/34420838_digital-image.png"
"MAOAM Kaubonbon Bloxx 110g","MAOAM","4001686505021","0.79","110g (1 kg = 7,18 €)","Süßes & Salziges","False","https://img.rewe-static.de/1168401/799530_digital-image.png"
"Funny-frisch Kessel Chips Salt & Vinegar 120g","Funny-frisch","4003586002938","2.49","120g (1 kg = 20,75 €)","Süßes & Salziges","False","https://img.rewe-static.de/1326613/28115150_digital-image.png"
"Wrigley's Extra Professional White Himbeere Granatapfel 50 Dragees","Wrigley's Extra","4009900544177","3.45","50 Stück","Süßes & Salziges","False","https://img.rewe-static.de/8969103/40934796_digital-image.png"
"Schogetten Zartbitter 100g","Schogetten","4000607151200","1.49","100g (1 kg = 14,90 €)","Süßes & Salziges","False","https://img.rewe-static.de/4557930/22627813_digital-image.png"
"Haribo Fresh'n Fruity Party Box 750g","Haribo","4001686003428","4.69","750g (1 kg = 6,25 €)","Süßes & Salziges","False","https://img.rewe-static.de/9026249/42491131_digital-image.png"
"REWE Bio Dinkel Doppelkeks 330g","REWE Bio","4337256125666","2.05","330g (1 kg = 6,21 €)","Süßes & Salziges","False","https://img.rewe-static.de/8060098/30053536_digital-image.png"
"REWE Feine Welt Mandel-Haselnuss Florentiner mit Zartbitterschokolade 125g","REWE Feine Welt","4337256810302","2.49","125g (1 kg = 19,92 €)","Süßes & Salziges","False","https://img.rewe-static.de/7522640/43612295_digital-image.png"
"Farmers Snack Mangostreifen 100g","Farmer's Snack","4010442413159","2.99","100g (1 kg = 29,90 €)","Süßes & Salziges","False","https://img.rewe-static.de/2269146/23020838_digital-image.png"
"Tic Tac Fresh Orange 54g, 110 Stück","Tic Tac","8000500164976","1.99","54g (1 kg = 36,85 €)","Süßes & Salziges","False","https://img.rewe-static.de/9019178/42458433_digital-image.png"
"Lay's Bugles Nacho Cheese 75g","Lay's","4062139009879","1.19","75g (1 kg = 15,87 €)","Süßes & Salziges","True","https://img.rewe-static.de/7599089/42866157_digital-image.png"
"Jahnke Echte Eukalyptus + Menthol Bonbons extra stark 500g","Jahnke","4000211056052","2.49","500g (1 kg = 4,98 €)","Süßes & Salziges","False","https://img.rewe-static.de/1310246/32612212_digital-image.png"
"Wrigley's Extra for kids Bubblegum 8 Dragees","Wrigley's Extra","4009900547307","0.89","8 Stück","Süßes & Salziges","False","https://img.rewe-static.de/7643862/41243598_digital-image.png"
"Kinder Country 9 Riegel","Kinder","4008400260921","2.99","9x23,50g (1 kg = 14,14 €)","Süßes & Salziges","False","https://img.rewe-static.de/6282385/2320040_digital-image.png"
"Funny-Frisch Ringli Paprika 75g","Funny-frisch","4003586102713","1.99","75g (1 kg = 26,53 €)","Süßes & Salziges","False","https://img.rewe-static.de/9983028/44905640_digital-image.png"
"Funny-frisch Paprika-Ecken 75g","Funny-frisch","4003586006202","1.99","75g (1 kg = 26,53 €)","Süßes & Salziges","False","https://img.rewe-static.de/0495573/1249310_digital-image.png"
"REWE Beste Wahl Bar Style Erdnuss Mix 120g","REWE Beste Wahl","4337256544283","1.69","120g (1 kg = 14,08 €)","Süßes & Salziges","False","https://img.rewe-static.de/8383409/31544887_digital-image.png"
"Wrigley's Extra Mints Professional Classic Mint 70 Pastillen","Wrigley's Extra","4009900447300","2.29","70 Stück","Süßes & Salziges","False","https://img.rewe-static.de/0697652/20689030_digital-image.png"
"Kinder Schoko-Bons White 200g","Kinder","8000500289877","3.99","200g (1 kg = 19,95 €)","Süßes & Salziges","False","https://img.rewe-static.de/7224189/27753648_digital-image.png"
"Em-eukal Vitamin Shot Bonbons gefüllt 75g","Em-eukal","4009077026094","1.75","75g (1 kg = 23,33 €)","Süßes & Salziges","False","https://img.rewe-static.de/8775185/39365752_digital-image.png"
"De Beukelaer Erfrischungsstäbchen Orange-Zitrone-Mix 75g","De Beukelaer","4001518102527","1.39","75g (1 kg = 18,53 €)","Süßes & Salziges","False","https://img.rewe-static.de/3719111/2190070_digital-image.png"
"Lorenz ErdnußLocken Classic 175g","Lorenz","4018077006203","1.11","175g (1 kg = 6,34 €)","Süßes & Salziges","True","https://img.rewe-static.de/7693332/39133906_digital-image.png"
"Chupa Chups Lollipops The Best Of 120g","Chupa Chups","8410031132519","1.69","120g (1 kg = 14,08 €)","Süßes & Salziges","False","https://img.rewe-static.de/0672113/43079805_digital-image.png"
"REWE Beste Wahl Edel-Bitterschokolade 80% 100g","REWE Beste Wahl","4337256745260","1.19","100g (1 kg = 11,90 €)","Süßes & Salziges","False","https://img.rewe-static.de/9115920/42944519_digital-image.png"
"M&M's crispy 213g","M&M's","5000159561730","3.99","213g (1 kg = 18,73 €)","Süßes & Salziges","False","https://img.rewe-static.de/7604627/43113006_digital-image.png"
"Seeberger Studentenfutter 150g","Seeberger","4008258154229","2.49","150g (1 kg = 16,60 €)","Süßes & Salziges","False","https://img.rewe-static.de/2460943/24885395_digital-image.png"
"Ritter Sport Kakaoklasse Die Kräftige 100g","Ritter Sport","4000417693310","1.69","100g (1 kg = 16,90 €)","Süßes & Salziges","True","https://img.rewe-static.de/8749576/36795100_digital-image.png"
"KoRo Bio Nut Butter Cups Hazelnut vegan 39g","KoRo","4255582805642","1.99","39g (1 kg = 51,03 €)","Süßes & Salziges","False","https://img.rewe-static.de/8925507/39134507_digital-image.png"
"Doritos Paprika 110g","Doritos","4062139005826","1.19","110g (1 kg = 10,82 €)","Süßes & Salziges","True","https://img.rewe-static.de/8822160/36247726_digital-image.png"
"Hubba Bubba Fancy Fruit 5 Stück","Hubba Bubba","42212003","0.85","1 Stück","Süßes & Salziges","False","https://img.rewe-static.de/2120412/22388701_digital-image.png"
"Dovgan Junior Zuckerwatte Bubblegum 20g","Dovgan","4032549025967","0.69","20g (1 kg = 34,50 €)","Süßes & Salziges","False","https://img.rewe-static.de/7857260/34418089_digital-image.png"
"nimm2 Lachgummi Fluffies Joghurt 200g","Nimm2","4014400934168","1.29","200g (1 kg = 6,45 €)","Süßes & Salziges","False","https://img.rewe-static.de/8884365/38038421_digital-image.png"
"Maryland Kürbiskerne grün 200g","Maryland","4008088444705","2.99","200g (1 kg = 14,95 €)","Süßes & Salziges","False","https://img.rewe-static.de/4483065/32250960_digital-image.png"
"Yogurette 50g","Yogurette","40084954","0.95","50g (1 kg = 19 €)","Süßes & Salziges","False","https://img.rewe-static.de/0935254/8136290_digital-image.png"
"Ahoj-Brause Bonbons Box 125g","Ahoj-Brause","4033500101768","1.39","125g (1 kg = 11,12 €)","Süßes & Salziges","False","https://img.rewe-static.de/7865341/2814960_digital-image.png"
"Küchle Knabber-Esspapier verschiedene Sorten 25g","Küchle","4035600919113","0.99","25g (1 kg = 39,60 €)","Süßes & Salziges","False","https://img.rewe-static.de/2360028/23632576_digital-image.png"
"Prinzen Rolle Doppelkekse Vollkorn 352g","Prinzen Rolle","4001518115657","2.29","352g (1 kg = 6,51 €)","Süßes & Salziges","False","https://img.rewe-static.de/8269208/30060481_digital-image.png"
"M&M's Crispy 340g","M&M's","5000159561808","4.99","340g (1 kg = 14,68 €)","Süßes & Salziges","False","https://img.rewe-static.de/7604735/42318654_digital-image.png"
"Fritt Kaustreifen Kirsch 70g","Fritt","4000607533204","0.89","70g (1 kg = 12,71 €)","Süßes & Salziges","False","https://img.rewe-static.de/9456198/7479530_digital-image.png"
"Fritt Kaustreifen Erdbeer 70g","Fritt","4000607529702","0.89","70g (1 kg = 12,71 €)","Süßes & Salziges","False","https://img.rewe-static.de/9456171/1686660_digital-image.png"
"Fritt Kaustreifen Himbeer 70g","Fritt","4000607562105","0.89","70g (1 kg = 12,71 €)","Süßes & Salziges","False","https://img.rewe-static.de/2349802/23881332_digital-image.png"
"Frigeo Traubenzucker-Lolly Kettenpack Erdbeer 8x7,5g","Frigeo","4033500101751","0.79","60g (1 kg = 13,17 €)","Süßes & Salziges","False","https://img.rewe-static.de/0100082/23077671_digital-image.png"
"Frigeo Traubenzucker-Lolly Kettenpack Tropic 8x7,5g","Frigeo","4033500101959","0.79","60g (1 kg = 13,17 €)","Süßes & Salziges","False","https://img.rewe-static.de/0100077/23077890_digital-image.png"
"Ültje Fusion Peanut BBQ Honey 150g","Ültje","4004980409705","1.99","150g (1 kg = 13,27 €)","Süßes & Salziges","False","https://img.rewe-static.de/8972102/41445395_digital-image.png"
"REWE Bio Edelvollmilch-Schokolade 100g","REWE Bio","4337256259705","1.39","100g (1 kg = 13,90 €)","Süßes & Salziges","False","https://img.rewe-static.de/1006852/9584790_digital-image.png"
"Moritz Eiskonfekt Würfel Spitztüte 200g","Moritz","4047600012107","1.79","200g (1 kg = 8,95 €)","Süßes & Salziges","False","https://img.rewe-static.de/3707075/1268020_digital-image.png"
"Lorenz ErdnußLocken Jumbos Classic 150g","Lorenz","4018077006258","1.11","150g (1 kg = 7,40 €)","Süßes & Salziges","True","https://img.rewe-static.de/8908681/39134214_digital-image.png"
"Haribo Fruchtgummi Balla Stixx Kirsche 200g","Haribo","8426617119461","1.69","200g (1 kg = 8,45 €)","Süßes & Salziges","False","https://img.rewe-static.de/7843889/34525803_digital-image.png"
"Lay's Salt & Vinegar 150g","Lay's","4062139005949","1.19","150g (1 kg = 7,93 €)","Süßes & Salziges","True","https://img.rewe-static.de/7793872/36340239_digital-image.png"
"Schär Schokoriegel Melto glutenfrei 30g","Schär","8008698026540","0.99","30g (1 kg = 33 €)","Süßes & Salziges","False","https://img.rewe-static.de/8081070/30283611_digital-image.png"
"De Beukelaer Cereola mit ChoViva vegan 150g","De Beukelaer","4001518116593","1.99","150g (1 kg = 13,27 €)","Süßes & Salziges","False","https://img.rewe-static.de/8374727/41004748_digital-image.png"
"Leibniz Butterkeks 200g","Leibniz","4017100370007","1.29","200g (1 kg = 6,45 €)","Süßes & Salziges","True","https://img.rewe-static.de/0107158/1264950_digital-image.png"
"Milka Nussini Schokoriegel 5x31,5g","Milka","7622210696861","2.29","5x31,50g (1 kg = 14,54 €)","Süßes & Salziges","False","https://img.rewe-static.de/3219363/26246652_digital-image.png"
"Lorenz NicNac's BBQ 170g","Lorenz","4018077007194","2.99","170g (1 kg = 17,59 €)","Süßes & Salziges","False","https://img.rewe-static.de/7675533/40873473_digital-image.png"
"Pringles Classic Paprika Chips 165g","Pringles","5053990162413","2.49","165g (1 kg = 15,09 €)","Süßes & Salziges","False","https://img.rewe-static.de/9069948/42866547_digital-image.png"
"Haribo Fruchtgummi Pico-Balla 160g","Haribo","4001686120132","0.79","160g (1 kg = 4,94 €)","Süßes & Salziges","True","https://img.rewe-static.de/8791488/36839241_digital-image.png"
"Hubba Bubba Apfel 5 Stück","Hubba Bubba","40099491","0.85","5 Stück","Süßes & Salziges","False","https://img.rewe-static.de/7679701/40800187_digital-image.png"
"REWE Beste Wahl Erdnuss Mix Asia Style 120g","REWE Beste Wahl","4337256505055","1.69","120g (1 kg = 14,08 €)","Süßes & Salziges","False","https://img.rewe-static.de/7772897/37077983_digital-image.png"
"Müller's Mühle Popcorn Mais 500g","Müller's Mühle","4000286221737","1.39","500g (1 kg = 2,78 €)","Süßes & Salziges","False","https://img.rewe-static.de/3889718/22002553_digital-image.png"
"REWE Bio Bananenchips gesüßt 300g","REWE Bio","4337256622813","2.49","300g (1 kg = 8,30 €)","Süßes & Salziges","False","https://img.rewe-static.de/3018245/2097690_digital-image.png"
"Gusto Pufuleti Mais-Snack 85g","Gusto","5941868200087","1.29","85g (1 kg = 15,18 €)","Süßes & Salziges","False","https://img.rewe-static.de/2434827/26790961_digital-image.png"
"Maltesers Schokokugeln 175g","Maltesers","5000159555500","3.99","175g (1 kg = 22,80 €)","Süßes & Salziges","False","https://img.rewe-static.de/9053142/43331051_digital-image.png"
"Werther's Original Caramel Bites Cookie 140g","Werther's Original","4014400933659","2.49","140g (1 kg = 17,79 €)","Süßes & Salziges","False","https://img.rewe-static.de/7753189/37348282_digital-image.png"
"Funny-frisch Chipsfrisch ungarisch 40g","Funny-frisch","4003586101471","0.89","40g (1 kg = 22,25 €)","Süßes & Salziges","False","https://img.rewe-static.de/9989490/44411460_digital-image.png"
"Niederegger Herzen 50g","Niederegger","4000161310204","2.5","50g (1 kg = 50 €)","Süßes & Salziges","False","https://img.rewe-static.de/7887793/39511293_digital-image.png"
"Kluth Pinienkerne 50g","Kluth","4008088210089","3.99","50g (1 kg = 79,80 €)","Süßes & Salziges","False","https://img.rewe-static.de/2890607/11102860_digital-image.png"
"Hanuta 220g, 10 Stück","Hanuta","8000500272442","2.99","10x22g (1 kg = 13,59 €)","Süßes & Salziges","False","https://img.rewe-static.de/7243747/28031754_digital-image.png"
"REWE Beste Wahl Soft Cookies Triple Chocolate 210g","REWE Beste Wahl","4337256636971","1.69","210g (1 kg = 8,05 €)","Süßes & Salziges","False","https://img.rewe-static.de/2916073/25723667_digital-image.png"
"Ritter Sport Nugat 100g","Ritter Sport","4000417602619","1.89","100g (1 kg = 18,90 €)","Süßes & Salziges","False","https://img.rewe-static.de/8745725/36682514_digital-image.png"
"Lorenz NicNac's Big Original 110g","Lorenz","4018077760594","1.11","110g (1 kg = 10,09 €)","Süßes & Salziges","True","https://img.rewe-static.de/8395939/30960969_digital-image.png"
"Funny-frisch Chipsfrisch Gesalzen 150g","Funny-frisch","4003586101389","1.99","150g (1 kg = 13,27 €)","Süßes & Salziges","False","https://img.rewe-static.de/8828704/37167624_digital-image.png"
"REWE Beste Wahl milde Pinienkerne 100g","REWE Beste Wahl","4337256702102","4.99","100g (1 kg = 49,90 €)","Süßes & Salziges","False","https://img.rewe-static.de/8512725/34419795_digital-image.png"
"Maryland Walnusskerne 250g","Maryland","4008088256940","5.29","250g (1 kg = 21,16 €)","Süßes & Salziges","False","https://img.rewe-static.de/0107980/26500857_digital-image.png"
"Hitschler Hitschies Original Mix 210g","Hitschler","4100250006541","2.29","210g (1 kg = 10,90 €)","Süßes & Salziges","False","https://img.rewe-static.de/8002544/31009580_digital-image.png"
"Ricola Honig-Alpen Salbei 75g","Ricola","7610700947753","1.85","75g (1 kg = 24,67 €)","Süßes & Salziges","False","https://img.rewe-static.de/2920083/26021492_digital-image.png"
"Merci Helle Vielfalt 250g","Merci","4014400901405","3.79","250g (1 kg = 15,16 €)","Süßes & Salziges","False","https://img.rewe-static.de/6976638/7138610_digital-image.png"
"Ritter Sport Joghurt 100g","Ritter Sport","4000417602718","1.89","100g (1 kg = 18,90 €)","Süßes & Salziges","False","https://img.rewe-static.de/8745826/36868144_digital-image.png"
"Ferrero Die Besten Classic 269g","Ferrero","4008400133027","6.79","269g (1 kg = 25,24 €)","Süßes & Salziges","False","https://img.rewe-static.de/1080682/29887526_digital-image.png"
"Riesen 231g","Storck","4014400924008","1.79","231g (1 kg = 7,75 €)","Süßes & Salziges","False","https://img.rewe-static.de/3231037/26389708_digital-image.png"
"REWE Bio Naturland Kokoschips 100g","REWE Bio","4337256626231","1.29","100g (1 kg = 12,90 €)","Süßes & Salziges","False","https://img.rewe-static.de/8921256/40437813_digital-image.png"
"Skittles Kaubonbons Crazy Sours 38g","Skittles","5000159376792","0.85","38g (1 kg = 22,37 €)","Süßes & Salziges","False","https://img.rewe-static.de/3137237/31505381_digital-image.png"
"Ültje Erdnüsse geröstet & ungesalzen 180g","Ültje","4004980404007","2.49","180g (1 kg = 13,83 €)","Süßes & Salziges","False","https://img.rewe-static.de/7780066/36335512_digital-image.png"
"Lorenz Crunchips Cheese & Onion 150g","Lorenz","4018077004469","1.99","150g (1 kg = 13,27 €)","Süßes & Salziges","False","https://img.rewe-static.de/7741105/37356616_digital-image.png"
"De Beukelaer Prinzen Rolle Minis Schoko 187,5g","De Beukelaer","4001518116517","1.99","187,50g (1 kg = 10,61 €)","Süßes & Salziges","False","https://img.rewe-static.de/9049756/42283300_digital-image.png"
"Leibniz Zoo Keks 125g","Leibniz","4017100138010","1.79","125g (1 kg = 14,32 €)","Süßes & Salziges","False","https://img.rewe-static.de/8721113/35771499_digital-image.png"
"Ritter Sport Edel Vollmilch 100g","Ritter Sport","4000417602114","1.89","100g (1 kg = 18,90 €)","Süßes & Salziges","False","https://img.rewe-static.de/8748922/36786846_digital-image.png"
"REWE Beste Wahl Chocolate Cream Cookies 210g","REWE Beste Wahl","4337256642453","1.69","210g (1 kg = 8,05 €)","Süßes & Salziges","False","https://img.rewe-static.de/7679946/39922966_digital-image.png"
"Lorenz Saltletts Mini Brezel 3x40g","Lorenz","4018077690167","2.19","3x40g (1 kg = 18,25 €)","Süßes & Salziges","False","https://img.rewe-static.de/8071887/32629281_digital-image.png"
"Haribo Wackelgeister 160g","Haribo","4001686329351","0.79","160g (1 kg = 4,94 €)","Süßes & Salziges","True","https://img.rewe-static.de/7770505/36496432_digital-image.png"
"Ritter Sport Marzipan 100g","Ritter Sport","4000417602510","1.89","100g (1 kg = 18,90 €)","Süßes & Salziges","False","https://img.rewe-static.de/8746224/36867459_digital-image.png"
"Doritos Nacho Cheese 110g","Doritos","4062139006038","1.19","110g (1 kg = 10,82 €)","Süßes & Salziges","True","https://img.rewe-static.de/7794262/35855161_digital-image.png"
"Milka Weiße Schokolade 100g","Milka","4025700001962","1.99","100g (1 kg = 19,90 €)","Süßes & Salziges","False","https://img.rewe-static.de/4792890/27662113_digital-image.png"
"KitKat Mini Schokoriegel Milchschokolade 217g","Kitkat","7613287138651","4.49","217g (1 kg = 20,69 €)","Süßes & Salziges","False","https://img.rewe-static.de/2749244/24825402_digital-image.png"
"Nestlé Choclait Chips Weiß 115g","Nestlé","7613039875827","3.49","115g (1 kg = 30,35 €)","Süßes & Salziges","False","https://img.rewe-static.de/2748628/25035114_digital-image.png"
"VIVIL Waldfrucht Multivitamin Bonbons ohne Zucker 120g","VIVIL","4020400893046","1.89","120g (1 kg = 15,75 €)","Süßes & Salziges","False","https://img.rewe-static.de/1403677/42760831_digital-image.png"
"Funny-frisch Erdnuss Flippies 200g","Funny-frisch","4003586107251","2.19","200g (1 kg = 10,95 €)","Süßes & Salziges","False","https://img.rewe-static.de/8568378/33278368_digital-image.png"
"Ritter Sport Schokolade Voll-Nuss laktosefrei 100g","Ritter Sport","4000417101006","2.79","100g (1 kg = 27,90 €)","Süßes & Salziges","False","https://img.rewe-static.de/2147627/22485465_digital-image.png"
"Ültje Studentenfutter süß & salzig 150g","Ültje","4004980613805","3.29","150g (1 kg = 21,93 €)","Süßes & Salziges","False","https://img.rewe-static.de/1378875/21159487_digital-image.png"
"Leibniz Original Minis 150g","Leibniz","4017100101007","2.29","150g (1 kg = 15,27 €)","Süßes & Salziges","False","https://img.rewe-static.de/0753203/23017211_digital-image.png"
"nimm2 Lachgummi Milchgeister 225g","Nimm2","4014400921366","1.29","225g (1 kg = 5,73 €)","Süßes & Salziges","False","https://img.rewe-static.de/2718175/24783254_digital-image.png"
"Knoppers Erdnuss 8x25g","Knoppers","4014400932362","2.19","8x25g (1 kg = 10,95 €)","Süßes & Salziges","False","https://img.rewe-static.de/8868348/37503095_digital-image.png"
"Ültje Erdnüsse geröstet & gesalzen 900g","Ültje","4004980409408","8.99","900g (1 kg = 9,99 €)","Süßes & Salziges","False","https://img.rewe-static.de/7779717/36335723_digital-image.png"
"REWE frei von Vollmilchschokolade laktosefrei glutenfrei 100g","REWE frei von","4337256124645","1.59","100g (1 kg = 15,90 €)","Süßes & Salziges","False","https://img.rewe-static.de/1272571/18673620_digital-image.png"
"Trolli Sour Bizzl Mix vegan 150g","Trolli","4000512463672","1.09","150g (1 kg = 7,27 €)","Süßes & Salziges","False","https://img.rewe-static.de/8941241/41018504_digital-image.png"
"Seeberger Bananenchips 150g","Seeberger","4008258274019","2.19","150g (1 kg = 14,60 €)","Süßes & Salziges","False","https://img.rewe-static.de/4745396/21288300_digital-image.png"
"Ritter Sport Waffel 100g","Ritter Sport","4000417622013","1.89","100g (1 kg = 18,90 €)","Süßes & Salziges","False","https://img.rewe-static.de/8811330/37866495_digital-image.png"
"Milka Choco Trio 150g","Milka","7622201810573","2.49","150g (1 kg = 16,60 €)","Süßes & Salziges","False","https://img.rewe-static.de/7931381/32477397_digital-image.png"
"Lorenz Crunchips Limited Edition Burrito Style 130g","Lorenz","4018077009266","1.99","130g (1 kg = 15,31 €)","Süßes & Salziges","False","https://img.rewe-static.de/9143540/42877267_digital-image.png"
"Nestlé Smarties Riesenrolle 130g","SMARTIES","40345512","2.59","130g (1 kg = 19,92 €)","Süßes & Salziges","False","https://img.rewe-static.de/7232708/27978901_digital-image.png"
"Alpia Schoko Brezeln Vollmilch 140g","Alpia","4001743759985","2.25","140g (1 kg = 16,07 €)","Süßes & Salziges","False","https://img.rewe-static.de/8274455/29459380_digital-image.png"
"Raffaello Kokos-Mandel-Konfekt 230g","Raffaello","4008400183022","3.99","230g (1 kg = 17,35 €)","Süßes & Salziges","False","https://img.rewe-static.de/0331142/13691930_digital-image.png"
"Nestlé Choco Crossies Original 2x75g","Nestlé","7613035499652","3.49","150g (1 kg = 23,27 €)","Süßes & Salziges","False","https://img.rewe-static.de/2748629/24898099_digital-image.png"
"KitKat Mini Mix 197,4g","Kitkat","3800020492956","4.49","197,40g (1 kg = 22,75 €)","Süßes & Salziges","False","https://img.rewe-static.de/8627726/33540562_digital-image.png"
"Hanuta Riegel 5 Stück 172,5g","Hanuta","8000500331798","2.89","5x34,50g (1 kg = 16,75 €)","Süßes & Salziges","False","https://img.rewe-static.de/8346861/30077860_digital-image.png"
"Funny-frisch Kruspers Honig & Senf 120g","Funny-frisch","4003586006714","1.99","120g (1 kg = 16,58 €)","Süßes & Salziges","False","https://img.rewe-static.de/2018473/21479727_digital-image.png"
"Lorenz Crunchips Wow Jalapeno & Cream Cheese 110g","Lorenz","4018077822094","1.99","110g (1 kg = 18,09 €)","Süßes & Salziges","False","https://img.rewe-static.de/8180790/28525068_digital-image.png"
"Trolli Dino Rex vegan 150g","Trolli","4000512463634","1.09","150g (1 kg = 7,27 €)","Süßes & Salziges","False","https://img.rewe-static.de/7676738/39968351_digital-image.png"
"Kinder Überraschungs-Ei rosa 20g","Kinder","40084909","1.09","20g (1 kg = 54,50 €)","Süßes & Salziges","False","https://img.rewe-static.de/1370856/20242134_digital-image.png"
"Pom-Bär Crizzlies Paprika 150g","Funny-frisch","4000522108426","2.79","150g (1 kg = 18,60 €)","Süßes & Salziges","False","https://img.rewe-static.de/7672724/40815543_digital-image.png"
"Storck Mamba Kaubonbon 106g","Storck","4014400926279","0.99","106g (1 kg = 9,34 €)","Süßes & Salziges","False","https://img.rewe-static.de/8924420/37933991_digital-image.png"
"De Beukelaer Eiswaffeln Vanille 20 Stück 50g","De Beukelaer","4001518110843","1.49","50g (1 kg = 29,80 €)","Süßes & Salziges","False","https://img.rewe-static.de/2955696/25998427_digital-image.png"
"Lindt Pralinés Hochfein 120g","Lindt","4000539124303","8.99","120g (1 kg = 74,92 €)","Süßes & Salziges","False","https://img.rewe-static.de/2857107/25565485_digital-image.png"
"After Eight Pralinen Minzschokolade 200g","After Eight","5000189363069","3.49","200g (1 kg = 17,45 €)","Süßes & Salziges","False","https://img.rewe-static.de/1325124/904160_digital-image.png"
"Giotto 4x38,7g","Giotto","4008400122625","3.29","4x38,70g (1 kg = 21,25 €)","Süßes & Salziges","False","https://img.rewe-static.de/0044453/24249661_digital-image.png"
"Brandt Hobbits kernig 250g","Brandt","4017100298905","1.79","250g (1 kg = 7,16 €)","Süßes & Salziges","False","https://img.rewe-static.de/0808652/24413870_digital-image.png"
"Lambertz Kokostörtchen Aprikose-Kirsch 200g","Lambertz","4006894539103","1.69","200g (1 kg = 8,45 €)","Süßes & Salziges","False","https://img.rewe-static.de/0338812/27731839_digital-image.png"
"Lorenz Crunchips Hot Paprika 150g","Lorenz","4018077004193","1.99","150g (1 kg = 13,27 €)","Süßes & Salziges","False","https://img.rewe-static.de/8843576/37870673_digital-image.png"
"Seeberger Aprikosen 200g","Seeberger","4008258359013","4.49","200g (1 kg = 22,45 €)","Süßes & Salziges","False","https://img.rewe-static.de/4745507/3829740_digital-image.png"
"Seeberger Pflaumen entsteint 200g","Seeberger","4008258324011","3.59","200g (1 kg = 17,95 €)","Süßes & Salziges","False","https://img.rewe-static.de/4745469/2512500_digital-image.png"
"Ritter Sport Schokolade Knusperflakes 100g","Ritter Sport","4000417601117","1.89","100g (1 kg = 18,90 €)","Süßes & Salziges","False","https://img.rewe-static.de/7801117/36867928_digital-image.png"
"De Beukelaer Waffelbecher 16 Stück 60g","De Beukelaer","4001518110881","2.49","60g (1 kg = 41,50 €)","Süßes & Salziges","False","https://img.rewe-static.de/2956383/25677549_digital-image.png"
"REWE Beste Wahl Waffle Bites ChoViva 125g","REWE Beste Wahl","4337256713986","1.69","125g (1 kg = 13,52 €)","Süßes & Salziges","False","https://img.rewe-static.de/8999347/41923259_digital-image.png"
"Haribo Sali-Kritz 160g","Haribo","4001686103180","0.79","160g (1 kg = 4,94 €)","Süßes & Salziges","True","https://img.rewe-static.de/7721479/41258358_digital-image.png"
"Fisherman's Friend Spearmint ohne Zucker 25g","Fisherman's Friend","96060636","0.95","25g (1 kg = 38 €)","Süßes & Salziges","False","https://img.rewe-static.de/1419663/22443603_digital-image.png"
"Schär Waffeln Snack glutenfrei 105g","Schär","8008698005286","1.99","105g (1 kg = 18,95 €)","Süßes & Salziges","False","https://img.rewe-static.de/1108121/22886940_digital-image.png"
"Seeberger Blaue Weinbeeren 200g","Seeberger","4008258161012","2.29","200g (1 kg = 11,45 €)","Süßes & Salziges","False","https://img.rewe-static.de/4745248/7362530_digital-image.png"
"Villosa Sallos Das Original Lakritz-Bonbon 150g","Villosa","4030300002851","0.99","150g (1 kg = 6,60 €)","Süßes & Salziges","False","https://img.rewe-static.de/6995977/21332833_digital-image.png"
"Villosa Sallos Lakritz-Bonbon X-treme 150g","Villosa","4030300001656","0.99","150g (1 kg = 6,60 €)","Süßes & Salziges","False","https://img.rewe-static.de/0370432/21332835_digital-image.png"
"Toms Heksehyl Salzlakritze mit Salmiak 150g","Toms","5774540642161","1.99","150g (1 kg = 13,27 €)","Süßes & Salziges","False","https://img.rewe-static.de/7255657/28628738_digital-image.png"
"Busch Schaumgebäck Tropfen Erdbeere 100g","Busch","4007384000080","1.79","100g (1 kg = 17,90 €)","Süßes & Salziges","False","https://img.rewe-static.de/8011311/26733894_digital-image.png"
"REWE Bio + vegan Bunte Bären vegan 100g","REWE Bio","4337256427043","1.49","100g (1 kg = 14,90 €)","Süßes & Salziges","False","https://img.rewe-static.de/8739691/36410722_digital-image.png"
"Lorenz NicNac's BBQ 110g","Lorenz","4018077764011","1.11","110g (1 kg = 10,09 €)","Süßes & Salziges","True","https://img.rewe-static.de/1360987/20056880_digital-image.png"
"Chio Chips Red Paprika 150g","Chio","4001242108536","1.99","150g (1 kg = 13,27 €)","Süßes & Salziges","False","https://img.rewe-static.de/7705130/1741150_digital-image.png"
"Oma's Waffelschnitten mit Karamell-Creme-Füllung 220g","NA","4032549022775","2.59","220g (1 kg = 11,77 €)","Süßes & Salziges","False","https://img.rewe-static.de/8050477/33574396_digital-image.png"
"REWE Beste Wahl Wasabi Erdnüsse 150g","REWE Beste Wahl","4337256199612","1.79","150g (1 kg = 11,93 €)","Süßes & Salziges","False","https://img.rewe-static.de/2775275/25272860_digital-image.png"
"Villosa Hustelinchen 150g","Villosa","4030300002660","0.99","150g (1 kg = 6,60 €)","Süßes & Salziges","False","https://img.rewe-static.de/5231868/21332832_digital-image.png"
"Nutella Biscuits 304g","Nutella","8000500310427","3.19","304g (1 kg = 10,49 €)","Süßes & Salziges","False","https://img.rewe-static.de/3567392/33466131_digital-image.png"
"Seeberger Trail-Mix 150g","Seeberger","4008258158005","2.79","150g (1 kg = 18,60 €)","Süßes & Salziges","False","https://img.rewe-static.de/2100671/22624041_digital-image.png"
"Haribo Lakritz Konfekt 500g","Haribo","4001686151020","2.59","500g (1 kg = 5,18 €)","Süßes & Salziges","False","https://img.rewe-static.de/8457402/31533503_digital-image.png"
"Seeberger Nusskernmischung 150g","Seeberger","4008258150092","3.49","150g (1 kg = 23,27 €)","Süßes & Salziges","False","https://img.rewe-static.de/2458546/24885389_digital-image.png"
"Ricola Kräuter Original zuckerfrei 75g","Ricola","7610700945087","1.85","75g (1 kg = 24,67 €)","Süßes & Salziges","False","https://img.rewe-static.de/1362919/20515466_digital-image.png"
"Cadbury Wunderbar Riegel 49g","Cadbury","5034660522768","0.99","49g (1 kg = 20,20 €)","Süßes & Salziges","False","https://img.rewe-static.de/1297025/23070070_digital-image.png"
"Marabou Daim Bites 145g","Marabou","7622210741530","2.49","145g (1 kg = 17,17 €)","Süßes & Salziges","False","https://img.rewe-static.de/3475609/34180767_digital-image.png"
"Hitschies Fruchtgummi-Schnüre 4 Farben 125g","Hitschler","4003840008188","1.39","125g (1 kg = 11,12 €)","Süßes & Salziges","False","https://img.rewe-static.de/0363322/10503170_digital-image.png"
"Ritter Sport Alpenmilch 100g","Ritter Sport","4000417601810","1.89","100g (1 kg = 18,90 €)","Süßes & Salziges","False","https://img.rewe-static.de/8810720/36682517_digital-image.png"
"Lorenz Saltletts Pausen Cracker 100g","Saltletts","4018077779930","2.19","100g (1 kg = 21,90 €)","Süßes & Salziges","False","https://img.rewe-static.de/8339415/30177535_digital-image.png"
"Katjes Sheroes Mix vegan 175g","Katjes","4037400344836","1.19","175g (1 kg = 6,80 €)","Süßes & Salziges","False","https://img.rewe-static.de/8967594/40958101_digital-image.png"
"Milka Schokolade Noisette 100g","Milka","4025700001030","1.99","100g (1 kg = 19,90 €)","Süßes & Salziges","False","https://img.rewe-static.de/0196495/27661931_digital-image.png"
"Funny-frisch Riffels Chili & Paprika 150g","Funny-frisch","4003586000330","2.49","150g (1 kg = 16,60 €)","Süßes & Salziges","False","https://img.rewe-static.de/3726703/6839630_digital-image.png"
"Airwaves Cool Cassis Kaugummi 50 Dragees","Airwaves","4009900537698","2.95","50 Stück","Süßes & Salziges","False","https://img.rewe-static.de/8696976/35690287_digital-image.png"
"Lorenz Saltletts LaugenCracker 150g","Saltletts","4018077895036","2.19","150g (1 kg = 14,60 €)","Süßes & Salziges","False","https://img.rewe-static.de/8327109/29951465_digital-image.png"
"Milka Kekse Choco Minis 185g","Milka","7622300292522","2.59","5x37g (1 kg = 14 €)","Süßes & Salziges","False","https://img.rewe-static.de/0824528/38019756_digital-image.png"
"REWE Bio Bonbons Ingwer & Honig 75g","REWE Bio","4337256637602","1.19","75g (1 kg = 15,87 €)","Süßes & Salziges","False","https://img.rewe-static.de/8739580/36584936_digital-image.png"
"Mars Mixed Minis Schokoriegel 400g","Mars","5000159561204","5.29","400g (1 kg = 13,23 €)","Süßes & Salziges","False","https://img.rewe-static.de/9052758/43186963_digital-image.png"
"Fonzies Mais-Snack mit Käse 100g","NA","7622201497392","1.79","100g (1 kg = 17,90 €)","Süßes & Salziges","False","https://img.rewe-static.de/7738981/37775411_digital-image.png"
"Storck Vollmilch Brocken 404g","Storck","4014400929584","2.29","404g (1 kg = 5,67 €)","Süßes & Salziges","False","https://img.rewe-static.de/8389289/40264121_digital-image.png"
"Knoppers Kokos Riegel 5x40g","Knoppers","4014400929379","2.19","5x40g (1 kg = 10,95 €)","Süßes & Salziges","False","https://img.rewe-static.de/8389793/30588558_digital-image.png"
"Oreo Cookies Original 176g","Oreo","8410000810004","1.99","4x44g (1 kg = 11,31 €)","Süßes & Salziges","False","https://img.rewe-static.de/4578503/26892520_digital-image.png"
"REWE Bio Naturland Kesselchips Meersalz 125g","REWE Bio","4337256622264","1.99","125g (1 kg = 15,92 €)","Süßes & Salziges","False","https://img.rewe-static.de/8915125/39850955_digital-image.png"
"Mon Chéri 15er+3 189g","Mon Chéri","4008400115535","2.49","189g (1 kg = 13,17 €)","Süßes & Salziges","True","https://img.rewe-static.de/1371671/24828386_digital-image.png"
"Ritter Sport Dunkle Voll-Nuss 100g","Ritter Sport","4000417670212","1.69","100g (1 kg = 16,90 €)","Süßes & Salziges","True","https://img.rewe-static.de/8809740/36868005_digital-image.png"
"REWE Bio Bonbons Orange & Kurkuma 75g","REWE Bio","4337256630788","1.19","75g (1 kg = 15,87 €)","Süßes & Salziges","False","https://img.rewe-static.de/7840879/36584944_digital-image.png"
"Seeberger Mandeln 200g","Seeberger","4008258065013","4.89","200g (1 kg = 24,45 €)","Süßes & Salziges","False","https://img.rewe-static.de/4744411/696350_digital-image.png"
"Ritter Sport Knusperkeks 100g","Ritter Sport","4000417621412","1.89","100g (1 kg = 18,90 €)","Süßes & Salziges","False","https://img.rewe-static.de/7799929/36867118_digital-image.png"
"De Beukelaer Eistüten 112g","De Beukelaer","4001518110904","1.79","112g (1 kg = 15,98 €)","Süßes & Salziges","False","https://img.rewe-static.de/2955682/25639844_digital-image.png"
"Minuto American Style Pancake Shaker 219g","NA","4002676650080","2.49","219g (1 kg = 11,37 €)","Süßes & Salziges","False","https://img.rewe-static.de/9010917/42634261_digital-image.png"
"Funny-frisch Riffels Naturell 150g","Funny-frisch","4003586000347","2.49","150g (1 kg = 16,60 €)","Süßes & Salziges","False","https://img.rewe-static.de/0137529/5498080_digital-image.png"
"Leibniz Butterkeks weniger Zucker 150g","Leibniz","4017100121418","1.29","150g (1 kg = 8,60 €)","Süßes & Salziges","True","https://img.rewe-static.de/8709318/35731113_digital-image.png"
"Milka Kekswaffel Choco Wafer 150g","Milka","7622210984678","2.59","150g (1 kg = 17,27 €)","Süßes & Salziges","False","https://img.rewe-static.de/2785241/38019755_digital-image.png"
"Milka Schokolade Haselnuss 100g","Milka","4025700001023","1.99","100g (1 kg = 19,90 €)","Süßes & Salziges","False","https://img.rewe-static.de/0196487/27661930_digital-image.png"
"Mentos Kaubonbon Mint 3x38g","Mentos","87108729","1.85","3x38g (1 kg = 16,23 €)","Süßes & Salziges","False","https://img.rewe-static.de/5164320/30597148_digital-image.png"
"Cadbury Wunderbar Erdnuss-Karamell-Riegel 185g","Cadbury","7622201790509","2.29","5x37g (1 kg = 12,38 €)","Süßes & Salziges","False","https://img.rewe-static.de/8561946/32734347_digital-image.png"
"Lorenz Naturals Leicht gesalzen 80g","Lorenz","4018077714351","2.19","80g (1 kg = 27,38 €)","Süßes & Salziges","False","https://img.rewe-static.de/7237461/27878128_digital-image.png"
"Milka Schokolade Caramel 100g","Milka","7622210349675","1.99","100g (1 kg = 19,90 €)","Süßes & Salziges","False","https://img.rewe-static.de/2303269/27662030_digital-image.png"
"Mayka Sticks 100g","Mayka","4006748000407","1.49","100g (1 kg = 14,90 €)","Süßes & Salziges","False","https://img.rewe-static.de/1394825/22435027_digital-image.png"
"Seeberger Mikrowellen Popcorn salzig vegan 90g","Seeberger","4008258527054","0.99","90g (1 kg = 11 €)","Süßes & Salziges","False","https://img.rewe-static.de/7809945/35572179_digital-image.png"
"Schogetten Vollmilch-Nuss 100g","Schogetten","4000607151101","1.49","100g (1 kg = 14,90 €)","Süßes & Salziges","False","https://img.rewe-static.de/4287673/2922800_digital-image.png"
"Chio Mikrowellenpopcorn salzig 100g","Chio","4001242108581","1.29","100g (1 kg = 12,90 €)","Süßes & Salziges","False","https://img.rewe-static.de/8903951/39134371_digital-image.png"
"Funny-frisch Kessel Chips Cross Cut RANCH Sauce Style 120g","Funny-frisch","4003586104892","2.49","120g (1 kg = 20,75 €)","Süßes & Salziges","False","https://img.rewe-static.de/8040487/30178789_digital-image.png"
"Seeberger Mikrowellen Popcorn süß vegan 90g","Seeberger","4008258526064","0.99","90g (1 kg = 11 €)","Süßes & Salziges","False","https://img.rewe-static.de/8735965/35571581_digital-image.png"
"Milka Schokolade Lu Kekse 87g","Milka","7622210007469","1.99","87g (1 kg = 22,87 €)","Süßes & Salziges","False","https://img.rewe-static.de/1353425/27662173_digital-image.png"
"Storck Campino Früchte vegan 335g","Storck","4014400918496","1.89","335g (1 kg = 5,64 €)","Süßes & Salziges","False","https://img.rewe-static.de/1976881/24847569_digital-image.png"
"Storck Mamba Kaubonbon Sour 106g","Storck","4014400926293","0.99","106g (1 kg = 9,34 €)","Süßes & Salziges","False","https://img.rewe-static.de/8852729/37933989_digital-image.png"
"Schär Haselnusscreme-Waffeln Noccioli glutenfrei 63g","Schär","8008698004708","2.19","63g (1 kg = 34,76 €)","Süßes & Salziges","False","https://img.rewe-static.de/1108109/22804750_digital-image.png"
"Airwaves Menthol & Eucalyptus Kaugummi 3x10 Dragees","Airwaves","4009900360937","1.89","NA","Süßes & Salziges","False","https://img.rewe-static.de/4801245/20653948_digital-image.png"
"Niederegger Marzipan Klassiker 100g","Niederegger","4000161100157","3.95","100g (1 kg = 39,50 €)","Süßes & Salziges","False","https://img.rewe-static.de/4931793/7464840_digital-image.png"
"Haribo Balla Stixx Himbeer Brombeer 200g","Haribo","8426617119478","1.69","200g (1 kg = 8,45 €)","Süßes & Salziges","False","https://img.rewe-static.de/8683903/34525812_digital-image.png"
"REWE Feine Welt Trufas Trüffelspitzen au Cacao 200g","REWE Feine Welt","4337256815017","2.99","200g (1 kg = 14,95 €)","Süßes & Salziges","False","https://img.rewe-static.de/9079112/43612300_digital-image.png"
"REWE Beste Wahl Mikrowellen Popcorn süß 300g","REWE Beste Wahl","21661914","1.29","300g (1 kg = 4,30 €)","Süßes & Salziges","False","https://img.rewe-static.de/7778137/36963607_digital-image.png"
"REWE frei von Bio Mais-Quinoa-Ecken glutenfrei 90g","REWE frei von","4337256647045","1.29","90g (1 kg = 14,33 €)","Süßes & Salziges","False","https://img.rewe-static.de/8345746/30734502_digital-image.png"
"Mentos Kaubonbon Fruit 3x38g","Mentos","87108675","1.85","3x38g (1 kg = 16,23 €)","Süßes & Salziges","False","https://img.rewe-static.de/5164303/778860_digital-image.png"
"Skittles Kaubonbons Fruits 38g","Skittles","5000159376655","0.85","38g (1 kg = 22,37 €)","Süßes & Salziges","False","https://img.rewe-static.de/3137285/31505382_digital-image.png"
"Marabou Milchschokolade 74g","Marabou","7310510002122","1.99","74g (1 kg = 26,89 €)","Süßes & Salziges","False","https://img.rewe-static.de/2598945/28849373_digital-image.png"
"Fritt Zitrone mit Vitamin C 70g","Fritt","4000607523205","0.89","70g (1 kg = 12,71 €)","Süßes & Salziges","False","https://img.rewe-static.de/9464115/7478670_digital-image.png"
"Ricola Himbeere Melisse 75g","Ricola","7610700018675","1.85","75g (1 kg = 24,67 €)","Süßes & Salziges","False","https://img.rewe-static.de/8933298/40990808_digital-image.png"
"Red Band Weichgummi gezuckert 500g","Red Band","8713800103841","2.79","500g (1 kg = 5,58 €)","Süßes & Salziges","False","https://img.rewe-static.de/6078010/5367770_digital-image.png"
"Niederegger Glücklichsein nougat marzipan praliné 125g","Niederegger","4000161310198","6.3","125g (1 kg = 50,40 €)","Süßes & Salziges","False","https://img.rewe-static.de/7888792/36494146_digital-image.png"
"Smash! The Original 100g","NA","7037710090055","2.79","100g (1 kg = 27,90 €)","Süßes & Salziges","False","https://img.rewe-static.de/8349063/32879435_digital-image.png"
"Niederegger Marzipan-Schwarzbrot 75g","Niederegger","4000161050209","2.6","75g (1 kg = 34,67 €)","Süßes & Salziges","False","https://img.rewe-static.de/4931289/8926840_digital-image.png"
"Tuc Bake Rolls Tomate & Olive 150g","Tuc","5201360660520","1.99","150g (1 kg = 13,27 €)","Süßes & Salziges","False","https://img.rewe-static.de/8957900/37962583_digital-image.png"
"Bounty Schokoriegel 9x28,5g","Bounty","5000159556637","2.39","256,50g (1 kg = 9,32 €)","Süßes & Salziges","False","https://img.rewe-static.de/7606424/43331026_digital-image.png"
"Milka Schokolade Oreo 300g","Milka","7622210277503","3.89","300g (1 kg = 12,97 €)","Süßes & Salziges","False","https://img.rewe-static.de/2187866/27662028_digital-image.png"
"Lay's Chips Red Paprika 150g","Lay's","4062139007677","1.19","150g (1 kg = 7,93 €)","Süßes & Salziges","True","https://img.rewe-static.de/8940323/39374800_digital-image.png"
"Ricola Schweizer Kräuterzucker 75g","Ricola","7610700945001","1.85","75g (1 kg = 24,67 €)","Süßes & Salziges","False","https://img.rewe-static.de/1362885/21993926_digital-image.png"
"Twix Schokoriegel Salted Caramel 10 x 23g","Twix","5000159556897","2.59","230g (1 kg = 11,26 €)","Süßes & Salziges","False","https://img.rewe-static.de/9055087/43331294_digital-image.png"
"REWE Beste Wahl Linsen Chips 90g","REWE Beste Wahl","4337256459679","1.19","90g (1 kg = 13,22 €)","Süßes & Salziges","False","https://img.rewe-static.de/8320249/30185990_digital-image.png"
"Ahoj-Brause Brause-Brocken vegan 10x8g","Ahoj-Brause","40335834","0.79","80g (1 kg = 9,88 €)","Süßes & Salziges","False","https://img.rewe-static.de/4571959/21332795_digital-image.png"
"Kinder Duo Kekse 150g","Kinder","8000500385807","2.89","12x12,50g (1 kg = 19,27 €)","Süßes & Salziges","False","https://img.rewe-static.de/7756359/41081343_digital-image.png"
"Ahoj-Brause Brause-Pulver 58g","Ahoj-Brause","40335711","0.79","58g (1 kg = 13,62 €)","Süßes & Salziges","False","https://img.rewe-static.de/4000960/21332763_digital-image.png"
"Ritter Sport Kakaoklasse Die Starke 100g","Ritter Sport","4000417693815","1.69","100g (1 kg = 16,90 €)","Süßes & Salziges","True","https://img.rewe-static.de/7799486/36867570_digital-image.png"
"Ahoj-Brause Brause-Bonbons Stangen vegan 69g","Ahoj-Brause","40335759","0.79","69g (1 kg = 11,45 €)","Süßes & Salziges","False","https://img.rewe-static.de/4000978/2840430_digital-image.png"
"Chupa Chups Zungenmaler 120g, 10 Stück","Chupa Chups","8410031990584","1.69","120g (1 kg = 14,08 €)","Süßes & Salziges","False","https://img.rewe-static.de/7788274/1035810_digital-image.png"
"Milka Schokolade Peanut Caramel 276g","Milka","7622210609830","3.89","276g (1 kg = 14,09 €)","Süßes & Salziges","False","https://img.rewe-static.de/2830955/27662037_digital-image.png"
"Lorenz Crunchips Wow Paprika & Sour Cream 110g","Lorenz","4018077822018","1.99","110g (1 kg = 18,09 €)","Süßes & Salziges","False","https://img.rewe-static.de/8153886/28470927_digital-image.png"
"Vantastic Foods Schakaberry vegan 100g","Vantastic Foods","4260661092288","2.99","100g (1 kg = 29,90 €)","Süßes & Salziges","False","https://img.rewe-static.de/3447242/32736269_digital-image.png"
"Ritter Sport Nussklasse Voll-Nuss 100g","Ritter Sport","4000417670014","1.69","100g (1 kg = 16,90 €)","Süßes & Salziges","True","https://img.rewe-static.de/8749438/36795098_digital-image.png"
"Funny-frisch Kessel Chips Sweet Chili 120g","Funny-frisch","4003586002914","2.49","120g (1 kg = 20,75 €)","Süßes & Salziges","False","https://img.rewe-static.de/1326594/20699414_digital-image.png"
"Haribo Lakritz Schnecken 175g","Haribo","4001686102701","0.79","175g (1 kg = 4,51 €)","Süßes & Salziges","True","https://img.rewe-static.de/8862200/36839651_digital-image.png"
"Knoppers Minis 200g","Knoppers","4014400929010","2.49","200g (1 kg = 12,45 €)","Süßes & Salziges","False","https://img.rewe-static.de/4195833/4784210_digital-image.png"
"Haribo Fruchtgummi Weinland 175g","Haribo","4001686327692","0.79","175g (1 kg = 4,51 €)","Süßes & Salziges","True","https://img.rewe-static.de/8793007/36839588_digital-image.png"
"Katjes Tropen Früchte vegan 175g","Katjes","4037400344829","1.19","175g (1 kg = 6,80 €)","Süßes & Salziges","False","https://img.rewe-static.de/7660299/40286104_digital-image.png"
"Leibniz Kunterbunt Keks 150g","Leibniz","4017100134012","2.49","150g (1 kg = 16,60 €)","Süßes & Salziges","False","https://img.rewe-static.de/7134146/26996904_digital-image.png"
"Mitsuba Japanese Peanut Crunch & Crispies 100g","Mitsuba","8711299009798","2.49","100g (1 kg = 24,90 €)","Süßes & Salziges","False","https://img.rewe-static.de/8348948/31504369_digital-image.png"
"Seeberger Ingwerstücke kandiert 200g","Seeberger","4008258442012","3.99","200g (1 kg = 19,95 €)","Süßes & Salziges","False","https://img.rewe-static.de/4745701/3536680_digital-image.png"
"Ibis Mini Cakes Zitrone 210g","NA","4012263025498","2.19","210g (1 kg = 10,43 €)","Süßes & Salziges","False","https://img.rewe-static.de/7190941/28377807_digital-image.png"
"REWE Bio + vegan Schokolade Ganze Haselnuss 100g","REWE Bio","4337256467131","1.99","100g (1 kg = 19,90 €)","Süßes & Salziges","False","https://img.rewe-static.de/7868590/33525189_digital-image.png"
"M&M's Peanut 400g","M&M's","4011100005884","4.99","400g (1 kg = 12,48 €)","Süßes & Salziges","False","https://img.rewe-static.de/5570948/38317940_digital-image.png"
"kinder Happy Hippo Kakao 5x20,7g","Kinder","8000500423523","2.19","5x20,70g (1 kg = 21,16 €)","Süßes & Salziges","False","https://img.rewe-static.de/9121090/42405735_digital-image.png"
"Chio Mikrowellen Popcorn süß 100g","Chio","4001242108574","1.29","100g (1 kg = 12,90 €)","Süßes & Salziges","False","https://img.rewe-static.de/8906308/39134065_digital-image.png"
"Em-Eukal Salbei zuckerfrei 75g","Em-eukal","4009077024601","1.75","75g (1 kg = 23,33 €)","Süßes & Salziges","False","https://img.rewe-static.de/0354887/7401770_digital-image.png"
"Ültje Erdnüsse geröstet und gesalzen 450g","Ültje","4004980401006","4.79","450g (1 kg = 10,64 €)","Süßes & Salziges","False","https://img.rewe-static.de/7780215/36436179_digital-image.png"
"Niederegger Pralinien Nougat Marzipan Chocolate 125g","Niederegger","4000161200949","6.3","125g","Süßes & Salziges","False","https://img.rewe-static.de/7653852/43843452_digital-image.png"
"Lorenz Saltletts Mini Bagel 150g","Saltletts","4018077888038","2.19","100g (1 kg = 21,90 €)","Süßes & Salziges","False","https://img.rewe-static.de/8786843/40349701_digital-image.png"
"REWE Bio Vitalgebäck mit Sonnenblumenkernen 200g","REWE Bio","4337256580816","2.79","200g (1 kg = 13,95 €)","Süßes & Salziges","False","https://img.rewe-static.de/8891488/39985236_digital-image.png"
"Storck Schoko Toffees 404g","Storck","4014400929591","2.29","404g (1 kg = 5,67 €)","Süßes & Salziges","False","https://img.rewe-static.de/8388595/40935108_digital-image.png"
"Lorenz Naturals Rosmarin 95g","Lorenz","4018077714016","2.19","95g (1 kg = 23,05 €)","Süßes & Salziges","False","https://img.rewe-static.de/7237059/27877795_digital-image.png"
"Elephant Pretzel Pieces Honey Mustard 125g","NA","5949040203529","1.99","125g (1 kg = 15,92 €)","Süßes & Salziges","False","https://img.rewe-static.de/7857387/35467468_digital-image.png"
"Seeberger Apfelringe extra 80g","Seeberger","4008258403020","2.29","80g (1 kg = 28,63 €)","Süßes & Salziges","False","https://img.rewe-static.de/0997053/22265762_digital-image.png"
"Busch Feines Schaumgebäck Bunte Wellen 100g","Busch","4007384000110","1.79","100g (1 kg = 17,90 €)","Süßes & Salziges","False","https://img.rewe-static.de/0935005/25529601_digital-image.png"
"REWE Beste Wahl Kalifornische Mandelkerne geröstet 150g","REWE Beste Wahl","4337256780193","1.99","150g (1 kg = 13,27 €)","Süßes & Salziges","False","https://img.rewe-static.de/7816084/35999861_digital-image.png"
"Milka Schokolade Oreo Sandwich 92g","Milka","7622210826251","1.99","92g (1 kg = 21,63 €)","Süßes & Salziges","False","https://img.rewe-static.de/7227476/27740409_digital-image.png"
"Snickers Schokoriegel 50g","Snickers","5900951311505","0.99","50g","Süßes & Salziges","False","https://img.rewe-static.de/9052274/43129886_digital-image.png"
"Twix Schokoriegel 50g","Twix","5900951313592","0.99","50g","Süßes & Salziges","False","https://img.rewe-static.de/9050281/43129878_digital-image.png"
"Werther's Original Klassische Sahnebonbons 245g","Werther's Original","4014400908930","1.79","245g (1 kg = 7,31 €)","Süßes & Salziges","False","https://img.rewe-static.de/0047182/1341180_digital-image.png"
"Katjes Wunderland Pink Edition vegan 175g","Katjes","4037400344805","1.19","175g (1 kg = 6,80 €)","Süßes & Salziges","False","https://img.rewe-static.de/8969832/40286326_digital-image.png"
"Wohlgemuth Süßwaren Bubble Gum 70g, 28 Stück","Wohlgemuth Süßwaren","4400218000261","0.79","80g (1 kg = 9,88 €)","Süßes & Salziges","False","https://img.rewe-static.de/0760865/8137640_digital-image.png"
"Fritt Kaustreifen Orange 70g","Fritt","4000607523106","0.89","70g (1 kg = 12,71 €)","Süßes & Salziges","False","https://img.rewe-static.de/9456210/2976050_digital-image.png"
"Chio Tortillas Nacho Cheese 110g","Chio","4001242105917","0.99","110g (1 kg = 9 €)","Süßes & Salziges","True","https://img.rewe-static.de/7701860/37290383_digital-image.png"
"Werther's Original Caramel Bites Crunchy 140g","Werther's Original","4014400933642","2.49","140g (1 kg = 17,79 €)","Süßes & Salziges","False","https://img.rewe-static.de/8822388/37348283_digital-image.png"
"Nutella & Go 52g","Nutella","80050100","1.19","52g (1 kg = 22,88 €)","Süßes & Salziges","False","https://img.rewe-static.de/0166417/2473750_digital-image.png"
"Mars Minis 275g","Mars","5000159562294","3.99","275g (1 kg = 14,51 €)","Süßes & Salziges","False","https://img.rewe-static.de/7606553/43346041_digital-image.png"
"Ritter Sport Weisse Vollnuss 100g","Ritter Sport","4000417670113","1.69","100g (1 kg = 16,90 €)","Süßes & Salziges","True","https://img.rewe-static.de/8746239/36867461_digital-image.png"
"Kinder Cards 2er 25,6g","Kinder","80874652","0.79","25,60g (1 kg = 30,86 €)","Süßes & Salziges","False","https://img.rewe-static.de/3563724/31502749_digital-image.png"
"Mentos Fruit 38g","Mentos","87108026","0.69","38g (1 kg = 18,16 €)","Süßes & Salziges","False","https://img.rewe-static.de/5499178/7479230_digital-image.png"
"REWE Feine Welt Mandelmakronen 200g","REWE Feine Welt","4337256639446","2.99","200g (1 kg = 14,95 €)","Süßes & Salziges","False","https://img.rewe-static.de/8935044/40082705_digital-image.png"
"REWE Bio Naturland Kesselchips Paprika 125g","REWE Bio","4337256620413","1.99","125g (1 kg = 15,92 €)","Süßes & Salziges","False","https://img.rewe-static.de/7692953/39851044_digital-image.png"
"Lorenz NicNac's Original 110g","Lorenz","4018077004896","1.11","110g (1 kg = 10,09 €)","Süßes & Salziges","True","https://img.rewe-static.de/8844441/37061905_digital-image.png"
"Ritter Sport Rum 200g","Ritter Sport","4000417067203","4.19","200g (1 kg = 20,95 €)","Süßes & Salziges","False","https://img.rewe-static.de/1932284/862020_digital-image.png"
"Haribo Bunte Tüte vegetarisch 175g","Haribo","4001686327425","0.79","175g (1 kg = 4,51 €)","Süßes & Salziges","True","https://img.rewe-static.de/7776332/36909157_digital-image.png"
"Knoppers Goodies 180g","Knoppers","4014400934045","1.99","180g (1 kg = 11,06 €)","Süßes & Salziges","True","https://img.rewe-static.de/7614674/42406549_digital-image.png"
"Swizzels Schaumzucker Die süßen Pilze 100g","Swizzels","5010478311176","1.29","100g (1 kg = 12,90 €)","Süßes & Salziges","False","https://img.rewe-static.de/2431301/23937772_digital-image.png"
"Ültje Erdnüsse pikant gewürzt 180g","Ültje","4004980514003","2.49","180g (1 kg = 13,83 €)","Süßes & Salziges","False","https://img.rewe-static.de/8778815/36335626_digital-image.png"
"Wrigley's Extra Professional Fresh Melon Mint 50 Dragees","Wrigley's Extra","4009900544412","2.95","50 Stück","Süßes & Salziges","False","https://img.rewe-static.de/8971204/41006113_digital-image.png"
"Fritt Mango vegan 56g","Fritt","4000607577901","0.89","56g (1 kg = 15,89 €)","Süßes & Salziges","False","https://img.rewe-static.de/8711184/42569135_digital-image.png"
"Airwaves Menthol & Eukalyptus 12 Dragees","Airwaves","4009900520058","0.99","12 Stück","Süßes & Salziges","False","https://img.rewe-static.de/7062020/27359643_digital-image.png"
"Lay's Sour Cream & Onion 150g","Lay's","4062139005888","1.19","150g (1 kg = 7,93 €)","Süßes & Salziges","True","https://img.rewe-static.de/7755270/36435289_digital-image.png"
"HeiMart Krosse Kerle Chips Tomate & Paprika 115g","HeiMart","4260257870078","2.29","115g (1 kg = 19,91 €)","Süßes & Salziges","False","https://img.rewe-static.de/2831048/25203392_digital-image.png"
"Katjes Wunderland Sauer vegan 175g","Katjes","4037400344782","1.19","175g (1 kg = 6,80 €)","Süßes & Salziges","False","https://img.rewe-static.de/8963836/40286257_digital-image.png"
"Haribo Fruchtgummi Phantasia 175g","Haribo","4001686322901","0.79","175g (1 kg = 4,51 €)","Süßes & Salziges","True","https://img.rewe-static.de/8794187/36839510_digital-image.png"
"Lay's Chips gesalzen 150g","Lay's","4062139005864","1.19","150g (1 kg = 7,93 €)","Süßes & Salziges","True","https://img.rewe-static.de/7795569/35855163_digital-image.png"
"Funny-frisch Chipsfrisch ungarisch 215g","Funny-frisch","4003586101358","2.79","215g (1 kg = 12,98 €)","Süßes & Salziges","False","https://img.rewe-static.de/9983182/44542303_digital-image.png"
"Hubba Bubba Strawberry 5 Stück","Hubba Bubba","40099132","0.85","5 Stück","Süßes & Salziges","False","https://img.rewe-static.de/2485224/26280574_digital-image.png"
"Lindt Kleiner Dank 40g","Lindt","4000539320002","3.99","40g (1 kg = 99,75 €)","Süßes & Salziges","False","https://img.rewe-static.de/9351400/7457280_digital-image.png"
"Pulmoll Hustenbonbons Eukalyptus 50g","Pulmoll","4002590140940","1.39","50g (1 kg = 27,80 €)","Süßes & Salziges","False","https://img.rewe-static.de/0678137/22802926_digital-image.png"
"Haribo Fruchtgummi Goldbären 175g","Haribo","4001686322840","0.79","175g (1 kg = 4,51 €)","Süßes & Salziges","True","https://img.rewe-static.de/7772669/36839491_digital-image.png"
"Jahnke Salz-Lakritz 125g","Jahnke","4000211055000","1.69","125g (1 kg = 13,52 €)","Süßes & Salziges","False","https://img.rewe-static.de/0195342/3958450_digital-image.png"
"Haribo Fruchtgummi Quaxi 175g","Haribo","4001686322536","0.79","175g (1 kg = 4,51 €)","Süßes & Salziges","True","https://img.rewe-static.de/7771566/36839550_digital-image.png"
"Haribo Balla Stixx Erdbeere 200g","Haribo","8426617119492","1.69","200g (1 kg = 8,45 €)","Süßes & Salziges","False","https://img.rewe-static.de/7808870/34525811_digital-image.png"
"Chio Tortillas Wild Paprika 110g","Chio","4001242105931","0.99","110g (1 kg = 9 €)","Süßes & Salziges","True","https://img.rewe-static.de/7747962/37329623_digital-image.png"
"REWE Bio Sultaninen 200g","REWE Bio","4337256374149","1.09","200g (1 kg = 5,45 €)","Süßes & Salziges","False","https://img.rewe-static.de/4905385/857890_digital-image.png"
"Haribo Fruchtgummi Happy Cherries 175g","Haribo","4001686322871","0.79","175g (1 kg = 4,51 €)","Süßes & Salziges","True","https://img.rewe-static.de/8794173/36839644_digital-image.png"
"KitKat Multipack 4x41,5g","Kitkat","7613287202833","1.69","4x41,50g (1 kg = 10,18 €)","Süßes & Salziges","True","https://img.rewe-static.de/8530704/43026318_digital-image.png"
"Ültje Erdnüsse geröstet & gesalzen 450g","Ültje","4004980400504","4.69","450g (1 kg = 10,42 €)","Süßes & Salziges","False","https://img.rewe-static.de/8754182/36303525_digital-image.png"
"Lay's Bugles Paprika Style 75g","Lay's","4062139009831","1.19","75g (1 kg = 15,87 €)","Süßes & Salziges","True","https://img.rewe-static.de/7535980/42866003_digital-image.png"
"Milka Choco Cookies 168g","Milka","7622300356767","2.59","168g (1 kg = 15,42 €)","Süßes & Salziges","False","https://img.rewe-static.de/0840188/5528000_digital-image.png"
"Yogurette Erdbeere 100g","Yogurette","40084060","1.49","8x12,50g (1 kg = 14,90 €)","Süßes & Salziges","False","https://img.rewe-static.de/0136085/8322430_digital-image.png"
"Haribo Fruchtgummi Wassermelone 160g","Haribo","9002975378956","0.79","160g (1 kg = 4,94 €)","Süßes & Salziges","True","https://img.rewe-static.de/7772006/36839523_digital-image.png"
"Super Dickmann's 250g, 9 Stück","Dickmann's","4035800407007","2.29","250g (1 kg = 9,16 €)","Süßes & Salziges","False","https://img.rewe-static.de/4205960/1363350_digital-image.png"
"REWE Bio Kürbiskerne 200g","REWE Bio","4337256801485","1.99","200g (1 kg = 9,95 €)","Süßes & Salziges","False","https://img.rewe-static.de/8820911/36891829_digital-image.png"
"Werther's Original Caramel und Creme 225g","Werther's Original","4014400909906","1.79","225g (1 kg = 7,96 €)","Süßes & Salziges","False","https://img.rewe-static.de/0357130/29944277_digital-image.png"
"Haribo Balla-Balla vegetarisch 160g","Haribo","4001686002407","0.79","160g (1 kg = 4,94 €)","Süßes & Salziges","True","https://img.rewe-static.de/9000686/42389871_digital-image.png"
"REWE Beste Wahl Kesselchips Salt & Vinegar 150g","REWE Beste Wahl","4337256619257","1.49","150g (1 kg = 9,93 €)","Süßes & Salziges","False","https://img.rewe-static.de/8733873/36260880_digital-image.png"
"Haribo Rainbow vegan 160g","Haribo","4001686120163","0.79","160g (1 kg = 4,94 €)","Süßes & Salziges","True","https://img.rewe-static.de/7728790/36878560_digital-image.png"
"Niederegger Marzipan Klassiker 300g","Niederegger","4000161100195","11.9","300g (1 kg = 39,67 €)","Süßes & Salziges","False","https://img.rewe-static.de/4931777/22827523_digital-image.png"
"Ritter Sport Alpenmilch 250g","Ritter Sport","4000417660312","4.29","250g (1 kg = 17,16 €)","Süßes & Salziges","False","https://img.rewe-static.de/7801948/36741515_digital-image.png"
"Mini Dickmann's Schoko Trio 200g, 24 Stück","Dickmann's","4035800410724","2.19","200g (1 kg = 10,95 €)","Süßes & Salziges","False","https://img.rewe-static.de/5469872/1363360_digital-image.png"
"Farmer's Snack Pinienkerne 75g","Farmer's Snack","4010442418192","4.49","75g (1 kg = 59,87 €)","Süßes & Salziges","False","https://img.rewe-static.de/5706181/22443737_digital-image.png"
"Kinder Schokolade 100g","Kinder","40084701","1.49","8x12,50g (1 kg = 14,90 €)","Süßes & Salziges","False","https://img.rewe-static.de/0772984/8322420_digital-image.png"
"Haribo Bunte Schnecken 160g","Haribo","4001686002421","0.79","160g (1 kg = 4,94 €)","Süßes & Salziges","True","https://img.rewe-static.de/7613364/42389882_digital-image.png"
"Manner Neapolitaner 400g","Manner","9000331607917","3.79","400g (1 kg = 9,48 €)","Süßes & Salziges","False","https://img.rewe-static.de/4021720/722700_digital-image.png"
"Chio Dip! Hot Cheese 200ml","Chio","4001242108239","2.49","200ml (1 l = 12,45 €)","Süßes & Salziges","False","https://img.rewe-static.de/7836375/35802566_digital-image.png"
"Haribo Fruchtgummi Schlümpfe Vegetarisch 175g","Haribo","4001686327722","0.79","175g (1 kg = 4,51 €)","Süßes & Salziges","True","https://img.rewe-static.de/8794099/36839621_digital-image.png"
"Nippon 200g","Nippon","4021700900021","2.19","200g (1 kg = 10,95 €)","Süßes & Salziges","False","https://img.rewe-static.de/6645143/2635860_digital-image.png"
"nimm2 Lachgummi 250g","Nimm2","4014400901818","1.29","250g (1 kg = 5,16 €)","Süßes & Salziges","False","https://img.rewe-static.de/0817171/1130860_digital-image.png"
"Oreo Cookies Original 154g","Oreo","7622300336738","1.79","154g (1 kg = 11,62 €)","Süßes & Salziges","False","https://img.rewe-static.de/1123693/48550996_digital-image.png"
"Amicelli 200g","Amicelli","4000417101228","4.29","200g (1 kg = 21,45 €)","Süßes & Salziges","False","https://img.rewe-static.de/8965649/41472612_digital-image.png"
"Kinder Schokolade 300g, 24 Stück","Kinder","8000500111581","3.79","300g (1 kg = 12,63 €)","Süßes & Salziges","False","https://img.rewe-static.de/2410390/30965169_digital-image.png"
"Duplo 18 Stück","Ferrero","4008400302829","4.89","18x18,20g (1 kg = 14,93 €)","Süßes & Salziges","False","https://img.rewe-static.de/5809495/945680_digital-image.png"
"Haribo Kinder Schnuller 175g","Haribo","4001686328941","0.79","175g (1 kg = 4,51 €)","Süßes & Salziges","True","https://img.rewe-static.de/8795279/36839485_digital-image.png"
"Haribo Starmix 175g","Haribo","4001686322932","0.79","175g (1 kg = 4,51 €)","Süßes & Salziges","True","https://img.rewe-static.de/7772502/36878532_digital-image.png"
"Belli Cantuccini alla Mandorla 250g","NA","8003655252550","3.59","250g (1 kg = 14,36 €)","Süßes & Salziges","False","https://img.rewe-static.de/0218662/22322908_digital-image.png"
"Seeberger Kürbiskerne geröstet & gesalzen 100g","Seeberger","4008258043073","1.89","100g (1 kg = 18,90 €)","Süßes & Salziges","False","https://img.rewe-static.de/2458549/24119467_digital-image.png"
"Funny-frisch Ofen Chips Paprika 125g","Funny-frisch","4003586102072","1.99","125g (1 kg = 15,92 €)","Süßes & Salziges","False","https://img.rewe-static.de/7778468/36482196_digital-image.png"
"Kinder Bueno White 117g","Kinder","8000500273470","2.99","6x19,50g (1 kg = 25,56 €)","Süßes & Salziges","False","https://img.rewe-static.de/7066258/26909445_digital-image.png"
"Ültje Nuss-Mischung Deluxe-Mix 150g","Ültje","4004980535107","3.79","150g (1 kg = 25,27 €)","Süßes & Salziges","False","https://img.rewe-static.de/2298573/23172749_digital-image.png"
"Funny-frisch Chitos Chili Cheese Style 80g","Funny-frisch","4003586107862","1.89","80g (1 kg = 23,63 €)","Süßes & Salziges","False","https://img.rewe-static.de/9992931/44269808_digital-image.png"
"Haribo Fruchtgummi Süße Mäuse 175g","Haribo","4001686329757","0.79","175g (1 kg = 4,51 €)","Süßes & Salziges","True","https://img.rewe-static.de/7769914/36839504_digital-image.png"
"Funny-frisch Linsenchips Paprika Style 90g","Funny-frisch","4003586104120","1.99","90g (1 kg = 22,11 €)","Süßes & Salziges","False","https://img.rewe-static.de/7836814/35289238_digital-image.png"
"Rob's Chips Paprikageschmack 120g","NA","4270001182807","2.29","120g (1 kg = 19,08 €)","Süßes & Salziges","False","https://img.rewe-static.de/8625154/33385268_digital-image.png"
"Hubba Bubba Bubble Tape Cola 180cm","Hubba Bubba","4009900476812","1.59","56g (1 kg = 28,39 €)","Süßes & Salziges","False","https://img.rewe-static.de/1992750/22472184_digital-image.png"
"Haribo Wine Gums 175g","Haribo","4001686329849","0.79","175g (1 kg = 4,51 €)","Süßes & Salziges","True","https://img.rewe-static.de/7770708/36867131_digital-image.png"
"Haribo Fruchtgummi Pommes Sauer 175g","Haribo","4001686329870","0.79","175g (1 kg = 4,51 €)","Süßes & Salziges","True","https://img.rewe-static.de/8793598/36839633_digital-image.png"
"Funny-frisch Sticks Salzstangen 200g","Funny-frisch","4003586102690","1.49","200g (1 kg = 7,45 €)","Süßes & Salziges","False","https://img.rewe-static.de/7802298/36086176_digital-image.png"
"Milka Schokolade Luflée 100g","Milka","7622400883033","1.99","100g (1 kg = 19,90 €)","Süßes & Salziges","False","https://img.rewe-static.de/2187884/27662029_digital-image.png"
"Reese's 5 Peanut Butter Cups 77g","Reese's","34000702459","1.49","77g (1 kg = 19,35 €)","Süßes & Salziges","True","https://img.rewe-static.de/8518537/33589615_digital-image.png"
"Ültje Genuss Mix geröstet & gesalzen 150g","Ültje","4004980534001","3.79","150g (1 kg = 25,27 €)","Süßes & Salziges","False","https://img.rewe-static.de/7178274/28596604_digital-image.png"
"Pringles Original Chips 165g","Pringles","5053990127726","2.49","165g (1 kg = 15,09 €)","Süßes & Salziges","False","https://img.rewe-static.de/3552433/42724306_digital-image.png"
"nimm2 Lachgummi Milchbubis 225g","Nimm2","4014400919080","1.29","225g (1 kg = 5,73 €)","Süßes & Salziges","False","https://img.rewe-static.de/2161774/22624967_digital-image.png"
"Seeberger Soft-Pflaumen entsteint 200g","Seeberger","4008258291016","3.49","200g (1 kg = 17,45 €)","Süßes & Salziges","False","https://img.rewe-static.de/3557049/2538400_digital-image.png"
"Nestlé Smarties 4x34g","SMARTIES","42395041","1.69","136g (1 kg = 12,43 €)","Süßes & Salziges","True","https://img.rewe-static.de/8583697/32799334_digital-image.png"
"nimm2 Lachgummi Shakies 225g","Nimm2","4014400920383","1.29","225g (1 kg = 5,73 €)","Süßes & Salziges","False","https://img.rewe-static.de/2379496/23915698_digital-image.png"
"Haribo Fruchtgummi Goldbären Minis 250g","Haribo","4001686301524","2.49","250g (1 kg = 9,96 €)","Süßes & Salziges","False","https://img.rewe-static.de/4987055/2835630_digital-image.png"
"Haribo Fruchtgummi Fruitmania Joghurt Vegetarisch 160g","Haribo","4001686322567","0.79","160g (1 kg = 4,94 €)","Süßes & Salziges","True","https://img.rewe-static.de/7772768/36839544_digital-image.png"
"nimm2 Lachgummi YoDinos 300g","Nimm2","4014400930214","1.29","300g (1 kg = 4,30 €)","Süßes & Salziges","False","https://img.rewe-static.de/8406422/30909147_digital-image.png"
"Knoppers NussRiegel 200g, 5 Stück","Knoppers","4014400929065","2.19","5x40g (1 kg = 10,95 €)","Süßes & Salziges","False","https://img.rewe-static.de/2424668/30146901_digital-image.png"
"Nimm2 Soft Fruchtkaubonbons vegan 345g","Nimm2","4014400917789","1.99","345g (1 kg = 5,77 €)","Süßes & Salziges","False","https://img.rewe-static.de/1485034/20729006_digital-image.png"
"M&M's Chocolate 250g","M&M's","5000159023283","3.99","250g (1 kg = 15,96 €)","Süßes & Salziges","False","https://img.rewe-static.de/4348141/39489560_digital-image.png"
"Frigeo Knusper-Puffreis 80g","Frigeo","4033500101577","0.79","80g (1 kg = 9,88 €)","Süßes & Salziges","False","https://img.rewe-static.de/5086221/2840440_digital-image.png"
"Haribo Salzbrezeln vegan 175g","Haribo","4001686347621","0.79","175g (1 kg = 4,51 €)","Süßes & Salziges","True","https://img.rewe-static.de/8975203/41239590_digital-image.png"
"Chio Popcorn süß 120g","Chio","4001242003626","1.89","120g (1 kg = 15,75 €)","Süßes & Salziges","False","https://img.rewe-static.de/2409872/23944242_digital-image.png"
"Kinder Bueno 6 Riegel","Kinder","4008400322728","2.99","6x21,50g (1 kg = 23,18 €)","Süßes & Salziges","False","https://img.rewe-static.de/3953440/2650260_digital-image.png"
"M&M'S Minis Chocolate 225g","M&M's","5900951314865","3.99","225g (1 kg = 17,73 €)","Süßes & Salziges","False","https://img.rewe-static.de/9045434/42863668_digital-image.png"
"REWE Bio Erdnüsse gesalzen 150g","REWE Bio","4337256443449","1.49","150g (1 kg = 9,93 €)","Süßes & Salziges","False","https://img.rewe-static.de/8753645/36522785_digital-image.png"
"REWE Bio Cashewkerne 250g","REWE Bio","4337256024853","3.59","250g (1 kg = 14,36 €)","Süßes & Salziges","False","https://img.rewe-static.de/0039464/3951970_digital-image.png"
"Funny-frisch Jumpys Paprika 75g","Funny-frisch","4003586102676","1.99","75g (1 kg = 26,53 €)","Süßes & Salziges","False","https://img.rewe-static.de/9983424/44570223_digital-image.png"
"MAOAM Kaubonbon Mao Mixx 250g","MAOAM","4001686580332","2.79","250g (1 kg = 11,16 €)","Süßes & Salziges","False","https://img.rewe-static.de/1452401/9179170_digital-image.png"
"nimm2 Lachgummi Joghurt 250g","Nimm2","4014400910766","1.29","250g (1 kg = 5,16 €)","Süßes & Salziges","False","https://img.rewe-static.de/0115919/1130850_digital-image.png"
"Lorenz Snack-Hits 280g","Lorenz","4018077010316","3.29","280g (1 kg = 11,75 €)","Süßes & Salziges","False","https://img.rewe-static.de/9071974/43767605_digital-image.png"
"Piasten Schokolinsen 225g","Piasten","4000281157512","1.19","225g (1 kg = 5,29 €)","Süßes & Salziges","False","https://img.rewe-static.de/8738758/36085550_digital-image.png"
"Pringles Hot & Spicy Chips 165g","Pringles","5053990127665","2.49","165g (1 kg = 15,09 €)","Süßes & Salziges","False","https://img.rewe-static.de/3552437/42866552_digital-image.png"
"Funny-frisch Chipsfrisch ungarisch 4x40g","Funny-frisch","4003586100252","2.59","4x40g (1 kg = 16,19 €)","Süßes & Salziges","False","https://img.rewe-static.de/9981290/44836567_digital-image.png"
"Milka Schokolade Ganze Haselnüsse 100g","Milka","3045140118502","1.99","100g (1 kg = 19,90 €)","Süßes & Salziges","False","https://img.rewe-static.de/1140132/26892518_digital-image.png"
"MAOAM Kaubonbon-Dragees Kracher 200g","MAOAM","4001686536025","1.29","200g (1 kg = 6,45 €)","Süßes & Salziges","False","https://img.rewe-static.de/9146741/1904820_digital-image.png"
"Funny-frisch Pom-Bär Original 75g","Funny-frisch","4000522105210","1.79","75g (1 kg = 23,87 €)","Süßes & Salziges","False","https://img.rewe-static.de/8904051/39416847_digital-image.png"
"Kinder Schoko-Bons 200g","Kinder","5413548283128","3.99","200g (1 kg = 19,95 €)","Süßes & Salziges","False","https://img.rewe-static.de/0569062/26758524_digital-image.png"
"REWE Beste Wahl Zartbitterschokolade 50% Kakao 100g","REWE Beste Wahl","4337256747936","1.19","100g (1 kg = 11,90 €)","Süßes & Salziges","False","https://img.rewe-static.de/7626003/42944523_digital-image.png"
"Ferrero Küsschen White Crispy 172g","Ferrero","8000500387221","2.49","172g (1 kg = 14,48 €)","Süßes & Salziges","True","https://img.rewe-static.de/7775646/36269758_digital-image.png"
"Lay's Kräuterbutter 150g","Lay's","4062139005963","1.19","150g (1 kg = 7,93 €)","Süßes & Salziges","True","https://img.rewe-static.de/7794997/36537068_digital-image.png"
"Haribo Colorado Mini 160g","Haribo","4001686120279","0.79","160g (1 kg = 4,94 €)","Süßes & Salziges","True","https://img.rewe-static.de/7772384/36878611_digital-image.png"
"Chio Tortillas Hot Chili 110g","Chio","4001242105900","0.99","110g (1 kg = 9 €)","Süßes & Salziges","True","https://img.rewe-static.de/8899490/37290488_digital-image.png"
"Wrigley's Extra Professional Fresh Strong Mint 50 Dragees","Wrigley's Extra","4009900544276","2.95","50 Stück","Süßes & Salziges","False","https://img.rewe-static.de/7660902/40800604_digital-image.png"
"Wasa Tasty Snacks Sea Salt Crackers 180g","Wasa","7300400129206","2.99","180g (1 kg = 16,61 €)","Süßes & Salziges","False","https://img.rewe-static.de/1963658/21392096_digital-image.png"
"nimm2 Lolly 120g, 12 Stück","Nimm2","4014400930054","1.29","120g (1 kg = 10,75 €)","Süßes & Salziges","False","https://img.rewe-static.de/8437087/31077191_digital-image.png"
"Haribo Salino 175g","Haribo","4001686327630","0.79","175g (1 kg = 4,51 €)","Süßes & Salziges","True","https://img.rewe-static.de/7771294/36867801_digital-image.png"
"Milka Schokolade Erdbeer-Joghurt 100g","Milka","7622300291785","1.99","100g (1 kg = 19,90 €)","Süßes & Salziges","False","https://img.rewe-static.de/0513322/27661934_digital-image.png"
"Milka Zartherbe Schokolade 100g","Milka","7622200006472","1.99","100g (1 kg = 19,90 €)","Süßes & Salziges","False","https://img.rewe-static.de/9395873/27662273_digital-image.png"
"Schär Salzbrezeln Salinis glutenfrei 60g","Schär","8008698002070","1.19","60g (1 kg = 19,83 €)","Süßes & Salziges","False","https://img.rewe-static.de/1108103/22804876_digital-image.png"
"Bahlsen Russisch Brot ABC 100g","Bahlsen","4017100131004","1.79","100g (1 kg = 17,90 €)","Süßes & Salziges","False","https://img.rewe-static.de/2110379/22002375_digital-image.png"
"Leibniz Vollkornkeks 200g","Leibniz","4017100115417","2.29","200g (1 kg = 11,45 €)","Süßes & Salziges","False","https://img.rewe-static.de/7873207/34843890_digital-image.png"
"Merci Petits Kaffee Sahne 125g","Merci","4014400927443","2.19","125g (1 kg = 17,52 €)","Süßes & Salziges","False","https://img.rewe-static.de/8269333/29274552_digital-image.png"
"nimm2 Lachgummi Apfellinge 225g","Nimm2","4014400920390","1.29","225g (1 kg = 5,73 €)","Süßes & Salziges","False","https://img.rewe-static.de/2374019/23925883_digital-image.png"
"Milka Schokolade mit TUC 87g","Milka","7622210007476","1.99","87g (1 kg = 22,87 €)","Süßes & Salziges","False","https://img.rewe-static.de/1353427/27662174_digital-image.png"
"Farmer's Snack Kokos-Chips 100g","Farmer's Snack","4010442417058","1.99","100g (1 kg = 19,90 €)","Süßes & Salziges","False","https://img.rewe-static.de/8030847/23937293_digital-image.png"
"Max Kiene Pistazienkerne geröstet und gesalzen 150g","Max Kiene","4003786651509","5.99","150g (1 kg = 39,93 €)","Süßes & Salziges","False","https://img.rewe-static.de/8650332/34681914_digital-image.png"
"Katjes Peace & Love vegan 175g","Katjes","4037400344744","1.19","175g (1 kg = 6,80 €)","Süßes & Salziges","False","https://img.rewe-static.de/7660208/40286124_digital-image.png"
"De Beukelaer Cereola Milkys 147g","De Beukelaer","4001518115190","1.99","147g (1 kg = 13,54 €)","Süßes & Salziges","False","https://img.rewe-static.de/7894335/33028976_digital-image.png"
"Milka Schokolade Noisette 270g","Milka","7622210690845","3.89","270g (1 kg = 14,41 €)","Süßes & Salziges","False","https://img.rewe-static.de/7081940/27662269_digital-image.png"
"Haribo Raupies sauer 160g","Haribo","9002975334853","0.79","160g (1 kg = 4,94 €)","Süßes & Salziges","True","https://img.rewe-static.de/8838181/38164197_digital-image.png"
"Toblerone Schokolade 100g","Toblerone","7614500010013","2.29","100g (1 kg = 22,90 €)","Süßes & Salziges","False","https://img.rewe-static.de/0210218/918210_digital-image.png"
"REWE Bio Kichererbsenchips Meersalz 75g","REWE Bio","4337256657044","1.79","75g (1 kg = 23,87 €)","Süßes & Salziges","False","https://img.rewe-static.de/7667229/40588257_digital-image.png"
"Baiocchi Pistacchio 168g","Baiocchi","8076809584098","2.29","168g (1 kg = 13,63 €)","Süßes & Salziges","False","https://img.rewe-static.de/9010458/41300267_digital-image.png"
"Griesson Soft Cake Kirsche 300g","Griesson","4001518703007","1.29","300g (1 kg = 4,30 €)","Süßes & Salziges","True","https://img.rewe-static.de/8191816/23093557_digital-image.png"
"Kinder Bueno 10 Stück","Kinder","8000500273449","4.19","10x21,50g (1 kg = 19,49 €)","Süßes & Salziges","False","https://img.rewe-static.de/3296045/28031496_digital-image.png"
"REWE Beste Wahl Schokoladenbonbons Milch Chocs 200g","REWE Beste Wahl","4337256709132","2.19","200g (1 kg = 10,95 €)","Süßes & Salziges","False","https://img.rewe-static.de/8318369/29579456_digital-image.png"
"Elephant Pretzel Pieces Siracha Cheese 125g","NA","5949040203567","1.99","125g (1 kg = 15,92 €)","Süßes & Salziges","False","https://img.rewe-static.de/7857682/35467472_digital-image.png"
"REWE Bio Edel-Bitter-Schokolade 85% 100g","REWE Bio","4388844216297","1.39","100g (1 kg = 13,90 €)","Süßes & Salziges","False","https://img.rewe-static.de/3009709/26210056_digital-image.png"
"Reis-fit Risbellis Barbecue 40g","Reis-Fit","4006237091046","1.39","40g (1 kg = 34,75 €)","Süßes & Salziges","False","https://img.rewe-static.de/6898300/23249634_digital-image.png"
"Griesson Soft Cake Orange 300g","Griesson","4001518722930","1.29","300g (1 kg = 4,30 €)","Süßes & Salziges","True","https://img.rewe-static.de/3106500/2190320_digital-image.png"
"Kinder Crunchy Cookies 136g","Kinder","8000500426449","2.89","136g (1 kg = 21,25 €)","Süßes & Salziges","False","https://img.rewe-static.de/7596565/42816148_digital-image.png"
"Milka Schokolade Oreo 100g","Milka","7622300617820","1.99","100g (1 kg = 19,90 €)","Süßes & Salziges","False","https://img.rewe-static.de/1211434/27662171_digital-image.png"
"Original Sahne Muh-Muhs Sahne Toffees 215g","Original Muh-Muhs","4004363620130","2.19","215g (1 kg = 10,19 €)","Süßes & Salziges","False","https://img.rewe-static.de/7810003/35369127_digital-image.png"
"nimm2 Lachgummi Frucht & Joghurt 250g","Nimm2","4014400912166","1.29","250g (1 kg = 5,16 €)","Süßes & Salziges","False","https://img.rewe-static.de/0423295/1897370_digital-image.png"
"Haribo Dunkle Tüte 175g","Haribo","4001686120248","0.79","175g (1 kg = 4,51 €)","Süßes & Salziges","True","https://img.rewe-static.de/8850357/38979190_digital-image.png"
"REWE Beste Wahl Weizen Tortillas mit Leinsamen 372g","REWE Beste Wahl","4337256750530","1.29","372g (1 kg = 3,47 €)","Süßes & Salziges","False","https://img.rewe-static.de/9022742/42615784_digital-image.png"
"Kinder Riegel 10 Riegel, 210g","Kinder","4008400221021","2.99","10x21g (1 kg = 14,24 €)","Süßes & Salziges","False","https://img.rewe-static.de/4763068/693640_digital-image.png"
"Milka Dankeschön Pralinés Milchcrème 110g","Milka","7622210598011","2.79","110g (1 kg = 25,36 €)","Süßes & Salziges","False","https://img.rewe-static.de/8304962/29762594_digital-image.png"
"Milka Schokolade Daim 100g","Milka","7622300185015","1.99","100g (1 kg = 19,90 €)","Süßes & Salziges","False","https://img.rewe-static.de/0341413/27661933_digital-image.png"
"Storck Mint Chocs 439g","Storck","4014400928778","2.29","439g (1 kg = 5,22 €)","Süßes & Salziges","False","https://img.rewe-static.de/8411990/40286416_digital-image.png"
"Tuc Bake Rolls Meersalz 150g","Tuc","5201360660728","1.99","150g (1 kg = 13,27 €)","Süßes & Salziges","False","https://img.rewe-static.de/8901932/38308945_digital-image.png"
"Milka Alles Gute Pralinés 110g","Milka","7622010002442","2.79","110g (1 kg = 25,36 €)","Süßes & Salziges","False","https://img.rewe-static.de/8078065/29719456_digital-image.png"
"Seeberger Soft Datteln entsteint 200g","Seeberger","4008258293003","2.99","200g (1 kg = 14,95 €)","Süßes & Salziges","False","https://img.rewe-static.de/1238141/30223464_digital-image.png"
"Em-Eukal Hustenbonbons Wildkirsch zuckerfrei 75g","Em-eukal","4009077024151","1.75","75g (1 kg = 23,33 €)","Süßes & Salziges","False","https://img.rewe-static.de/0404828/24215271_digital-image.png"
"Funny-frisch Ofen Chips Smoky BBQ Style 125g","Funny-frisch","4003586102317","1.99","125g (1 kg = 15,92 €)","Süßes & Salziges","False","https://img.rewe-static.de/9984506/44530569_digital-image.png"
"Toffifee 125g","Toffifee","4014400400007","1.49","125g (1 kg = 11,92 €)","Süßes & Salziges","False","https://img.rewe-static.de/0205605/41299371_digital-image.png"
"Funny-frisch Zwiebli-Ringe 80g","Funny-frisch","4003586006042","1.99","80g (1 kg = 24,88 €)","Süßes & Salziges","False","https://img.rewe-static.de/0579120/7476940_digital-image.png"
"REWE Beste Wahl Eukalyptus-Menthol-Bonbons 250g","REWE Beste Wahl","4337256627306","1.39","250g (1 kg = 5,56 €)","Süßes & Salziges","False","https://img.rewe-static.de/0583761/20662241_digital-image.png"
"Huober Bio Knusperbrezel 175g","Huober","4000381003030","1.89","175g (1 kg = 10,80 €)","Süßes & Salziges","False","https://img.rewe-static.de/5559634/3034000_digital-image.png"
"Merci Große Vielfalt 250g","Merci","4014400901191","3.79","250g (1 kg = 15,16 €)","Süßes & Salziges","False","https://img.rewe-static.de/6976654/15498190_digital-image.png"
"Funny-frisch Popchips Red Paprika Style 80g","Funny-frisch","4003586105141","1.99","80g (1 kg = 24,88 €)","Süßes & Salziges","False","https://img.rewe-static.de/9993694/44533306_digital-image.png"
"Kinder Joy 3er 60g","Kinder","8000500028124","3.39","3x20g (1 kg = 56,50 €)","Süßes & Salziges","False","https://img.rewe-static.de/0390288/29253542_digital-image.png"
"Marabou Milchschokolade 220g","Marabou","7622201733803","3.99","220g (1 kg = 18,14 €)","Süßes & Salziges","False","https://img.rewe-static.de/9079627/42964339_digital-image.png"
"Red Band Fruchtgummi-Schnuller 500g","Red Band","8713800102837","2.79","500g (1 kg = 5,58 €)","Süßes & Salziges","False","https://img.rewe-static.de/6077994/5367740_digital-image.png"
"Milky Way 193,5g","Milky Way","5000159550963","2.39","9x21,50g (1 kg = 12,35 €)","Süßes & Salziges","False","https://img.rewe-static.de/8962119/40318944_digital-image.png"
"nimm2 Lachgummi Frutivity 225g","Nimm2","4014400928181","1.29","225g (1 kg = 5,73 €)","Süßes & Salziges","False","https://img.rewe-static.de/8279117/29148328_digital-image.png"
"REWE Beste Wahl Salbei Bonbons zuckerfrei 125g","REWE Beste Wahl","4337256810913","0.95","125g (1 kg = 7,60 €)","Süßes & Salziges","False","https://img.rewe-static.de/8109896/28982622_digital-image.png"
"REWE Beste Wahl Vitalinos 250g","REWE Beste Wahl","4337256623377","1.19","250g (1 kg = 4,76 €)","Süßes & Salziges","False","https://img.rewe-static.de/2023473/22059846_digital-image.png"
"REWE frei von Weiße Schokolade mit Crispies laktosefrei glutenfrei 100g","REWE frei von","4337256122412","1.59","100g (1 kg = 15,90 €)","Süßes & Salziges","False","https://img.rewe-static.de/2408476/24113779_digital-image.png"
"Leibniz Vollkornkeks Choco 125g","Leibniz","4017100136009","2.29","125g (1 kg = 18,32 €)","Süßes & Salziges","False","https://img.rewe-static.de/8021707/31009216_digital-image.png"
"Kluth Nuss-Mix geröstet & gesalzen 275g","Kluth","4008088184793","3.99","275g (1 kg = 14,51 €)","Süßes & Salziges","False","https://img.rewe-static.de/0892497/18138610_digital-image.png"
"Lorenz Saltletts Brezel 200g","Saltletts","4018077690105","2.19","200g (1 kg = 10,95 €)","Süßes & Salziges","False","https://img.rewe-static.de/3057046/16852620_digital-image.png"
"Funny-frisch Popchips Sour Cream & Onion 80g","Funny-frisch","4003586105127","1.99","80g (1 kg = 24,88 €)","Süßes & Salziges","False","https://img.rewe-static.de/7660993/40716817_digital-image.png"
"Kuchenmeister Koala Schoko 75g","Kuchenmeister","4008210262009","1.39","75g (1 kg = 18,53 €)","Süßes & Salziges","False","https://img.rewe-static.de/5000904/3541610_digital-image.png"
"Maoam Kracker Cola 200g","MAOAM","4001686502396","1.29","200g (1 kg = 6,45 €)","Süßes & Salziges","False","https://img.rewe-static.de/7817783/40261926_digital-image.png"
"Schär Doppelkeks glutenfrei 250g","Schär","8008698004630","2.99","250g (1 kg = 11,96 €)","Süßes & Salziges","False","https://img.rewe-static.de/1108087/22886741_digital-image.png"
"Leibniz Pick up! Minis Choco 127g","Pick Up!","4017100406218","2.49","127g (1 kg = 19,61 €)","Süßes & Salziges","False","https://img.rewe-static.de/8232915/28762143_digital-image.png"
"Schär Choco Chip Cookies glutenfrei 200g","Schär","8008698005491","2.29","200g (1 kg = 11,45 €)","Süßes & Salziges","False","https://img.rewe-static.de/1344325/26307858_digital-image.png"
"Milka Schokolade Erdnuss Crisp 90g","Milka","7622210820310","1.99","90g (1 kg = 22,11 €)","Süßes & Salziges","False","https://img.rewe-static.de/7285012/28108035_digital-image.png"
"Farmer's Snack Cashewkerne 175g","Farmer's Snack","4010442401194","3.99","175g (1 kg = 22,80 €)","Süßes & Salziges","False","https://img.rewe-static.de/5823870/24181444_digital-image.png"
"Giotto Haselnuss 2x5 Stück 43g","Giotto","8000500319475","1.45","43g (1 kg = 33,72 €)","Süßes & Salziges","False","https://img.rewe-static.de/8259163/29456501_digital-image.png"
"Kinder Überraschungs-Ei 20g","Kinder","40084107","1.09","20g (1 kg = 54,50 €)","Süßes & Salziges","False","https://img.rewe-static.de/0274542/1034030_digital-image.png"
"Mon Chéri Likör-Kirsch-Pralinen 52g","Mon Chéri","40084084","1.55","52g (1 kg = 29,81 €)","Süßes & Salziges","False","https://img.rewe-static.de/3216012/7476960_digital-image.png"
"REWE Beste Wahl Peanut Butter Cups 126g","REWE Beste Wahl","4337256775328","1.99","126g","Süßes & Salziges","False","https://img.rewe-static.de/9050095/42854322_digital-image.png"
"Hanuta Minis 200g","Hanuta","4008400351926","2.79","200g (1 kg = 13,95 €)","Süßes & Salziges","False","https://img.rewe-static.de/0044450/3319840_digital-image.png"
"Lay's Chips aus dem Ofen Geröstete Paprika 100g","Lay's","4062139005536","1.19","100g (1 kg = 11,90 €)","Süßes & Salziges","True","https://img.rewe-static.de/8680999/34570432_digital-image.png"
"Farmer's Snack Dattel 200g","Farmer's Snack","4010442417157","2.49","200g (1 kg = 12,45 €)","Süßes & Salziges","False","https://img.rewe-static.de/0319120/1552790_digital-image.png"
"Snickers Schokoriegel 5x50g","Snickers","5000159560498","2.59","5x50g (1 kg = 10,36 €)","Süßes & Salziges","False","https://img.rewe-static.de/9050871/43186642_digital-image.png"
"Duplo 182g, 10 Stück","Duplo","4008400301020","2.99","10x18,20g (1 kg = 16,43 €)","Süßes & Salziges","False","https://img.rewe-static.de/0136042/21530926_digital-image.png"
"Netslé Lion Brownie Style 150g","Nestlé","8445290470454","1.69","150g (1 kg = 11,27 €)","Süßes & Salziges","True","https://img.rewe-static.de/8982034/42381238_digital-image.png"
"REWE Beste Wahl Eisbonbons 250g","REWE Beste Wahl","4337256629287","1.29","250g (1 kg = 5,16 €)","Süßes & Salziges","False","https://img.rewe-static.de/0817581/23534105_digital-image.png"
"Haribo Vampire 175g","Haribo","4001686327456","0.79","175g (1 kg = 4,51 €)","Süßes & Salziges","True","https://img.rewe-static.de/8791464/36496598_digital-image.png"
"Lorenz Crunchips Salted 150g","Lorenz","4018077004285","1.99","150g (1 kg = 13,27 €)","Süßes & Salziges","False","https://img.rewe-static.de/8838502/37357081_digital-image.png"
"Ahoj-Brause Brause-Ringe 150g","Ahoj-Brause","4033500032536","0.99","150g (1 kg = 6,60 €)","Süßes & Salziges","False","https://img.rewe-static.de/8427106/31151718_digital-image.png"
"Ricola Apfelminze zuckerfrei 75g","Ricola","7610700945834","1.85","75g (1 kg = 24,67 €)","Süßes & Salziges","False","https://img.rewe-static.de/1447420/21421017_digital-image.png"
"Mitsuba Streetfood Snack Mix Beef Noodles 140g","Mitsuba","8711299017243","2.49","140g (1 kg = 17,79 €)","Süßes & Salziges","False","https://img.rewe-static.de/8996047/41680363_digital-image.png"
"Red Band Fruchtgummi Wilde Erdbeeren 500g","Red Band","8713800114755","2.79","500g (1 kg = 5,58 €)","Süßes & Salziges","False","https://img.rewe-static.de/0103746/20555245_digital-image.png"
"Ültje Ofen Erdnüsse gesalzen 180g","Ültje","4004980513006","2.49","180g (1 kg = 13,83 €)","Süßes & Salziges","False","https://img.rewe-static.de/7780158/36335669_digital-image.png"
"Katjes Katzen Pfötchen vegan 175g","Katjes","4037400344850","1.19","175g (1 kg = 6,80 €)","Süßes & Salziges","False","https://img.rewe-static.de/7663036/40286141_digital-image.png"
"Ricola Lakritz zuckerfrei 75g","Ricola","7610700017890","1.85","75g (1 kg = 24,67 €)","Süßes & Salziges","False","https://img.rewe-static.de/1447423/22422070_digital-image.png"
"Red Band Fruchtgummi Mini Smile 500g","Red Band","8713800114724","2.79","500g (1 kg = 5,58 €)","Süßes & Salziges","False","https://img.rewe-static.de/0103684/20386652_digital-image.png"
"Funny-frisch Chipsfrisch Chakalaka 150g","Funny-frisch","4003586101082","1.99","150g (1 kg = 13,27 €)","Süßes & Salziges","False","https://img.rewe-static.de/7753088/37167768_digital-image.png"
"Sir Charles Schoko Bananen 300g","NA","9002859058172","3.49","300g (1 kg = 11,63 €)","Süßes & Salziges","False","https://img.rewe-static.de/1301223/34147722_digital-image.png"
"Funny-frisch Linsenchips Oriental 90g","Funny-frisch","4003586104137","1.99","90g (1 kg = 22,11 €)","Süßes & Salziges","False","https://img.rewe-static.de/8689115/35288808_digital-image.png"
"Tuc Bake Rolls Knoblauch 150g","Tuc","5201360660223","1.99","150g (1 kg = 13,27 €)","Süßes & Salziges","False","https://img.rewe-static.de/8880203/37962576_digital-image.png"
"Funny-frisch Linsenchips Sour Cream Style 90g","Funny-frisch","4003586104038","1.99","90g (1 kg = 22,11 €)","Süßes & Salziges","False","https://img.rewe-static.de/7836741/35288658_digital-image.png"
"Hitschies Fruchtgummi Bunte Drachenzungen sauer vegan 125g","Hitschler","4003840008843","1.39","125g (1 kg = 11,12 €)","Süßes & Salziges","False","https://img.rewe-static.de/2359608/24045612_digital-image.png"
"Lay's Chips aus dem Ofen Mediterrane Kräuter 100g","Lay's","4062139005550","1.19","100g (1 kg = 11,90 €)","Süßes & Salziges","True","https://img.rewe-static.de/8680295/34570437_digital-image.png"
"Ültje Kessel Nüsse Paprika 150g","Ültje","4004980516809","2.49","150g (1 kg = 16,60 €)","Süßes & Salziges","False","https://img.rewe-static.de/7126358/27860814_digital-image.png"
"Haribo Fruchtgummi Starmix Mini 250g","Haribo","4001686726013","2.49","250g (1 kg = 9,96 €)","Süßes & Salziges","False","https://img.rewe-static.de/0833339/3439770_digital-image.png"
"Haribo Fruchtgummi Saft Goldbären 160g","Haribo","4001686322659","0.79","160g (1 kg = 4,94 €)","Süßes & Salziges","True","https://img.rewe-static.de/8795293/36839556_digital-image.png"
"Milka Soft Moo 140g","Milka","7622210593047","2.49","140g (1 kg = 17,79 €)","Süßes & Salziges","False","https://img.rewe-static.de/8279384/29250412_digital-image.png"
"REWE Beste Wahl Soft Cookies White Choc Lemon 210g","REWE Beste Wahl","4337256643504","1.69","210g (1 kg = 8,05 €)","Süßes & Salziges","False","https://img.rewe-static.de/8191124/28584435_digital-image.png"
"Nestlé Nuts Snack Size 5x30g","Nestlé","8593893769687","1.69","5x30g (1 kg = 11,27 €)","Süßes & Salziges","True","https://img.rewe-static.de/8353854/31702988_digital-image.png"
"REWE Beste Wahl Erdnüsse grosse Kerne geröstet 200g","REWE Beste Wahl","4337256545518","1.29","200g (1 kg = 6,45 €)","Süßes & Salziges","False","https://img.rewe-static.de/8381866/30373996_digital-image.png"
"REWE Beste Wahl Zwiebelringe 100g","REWE Beste Wahl","4337256461221","0.99","100g (1 kg = 9,90 €)","Süßes & Salziges","False","https://img.rewe-static.de/7191657/27648884_digital-image.png"
"REWE Beste Wahl Danish Buttercookies & Chocolate Chip Cookies 500g","REWE Beste Wahl","4337256610223","3.99","500g (1 kg = 7,98 €)","Süßes & Salziges","False","https://img.rewe-static.de/2546931/24893055_digital-image.png"
"Tuc Cracker Sour Cream & Onion 100g","Tuc","7622210641434","1.49","100g (1 kg = 14,90 €)","Süßes & Salziges","False","https://img.rewe-static.de/2235457/22906257_digital-image.png"
"Seeberger Datteln entsteint 200g","Seeberger","4008258252017","3.29","200g (1 kg = 16,45 €)","Süßes & Salziges","False","https://img.rewe-static.de/1234803/7360800_digital-image.png"
"Toffifee White Chocolate 125g","Toffifee","4014400932959","1.49","125g (1 kg = 11,92 €)","Süßes & Salziges","False","https://img.rewe-static.de/8760285/36497318_digital-image.png"
"Alpia Alpenvollmilch Schokolade 100g","Alpia","4001743760189","1.09","100g (1 kg = 10,90 €)","Süßes & Salziges","False","https://img.rewe-static.de/8932035/40001351_digital-image.png"
"REWE Bio Laugen Cracker 100g","REWE Bio","4337256532419","1.39","100g (1 kg = 13,90 €)","Süßes & Salziges","False","https://img.rewe-static.de/8066943/29936017_digital-image.png"
"Oreo Cookies Double Creme 157g","Oreo","7622210137258","1.79","157g (1 kg = 11,40 €)","Süßes & Salziges","False","https://img.rewe-static.de/2361355/27662031_digital-image.png"
"Em-Eukal Klassisch zuckerfrei 75g","Em-eukal","4009077024106","1.75","75g (1 kg = 23,33 €)","Süßes & Salziges","False","https://img.rewe-static.de/0354879/7401810_digital-image.png"
"nimm2 Lachgummi rote Früchte 225g","Nimm2","4014400922493","1.29","225g (1 kg = 5,73 €)","Süßes & Salziges","False","https://img.rewe-static.de/2838341/25791863_digital-image.png"
"Haribo Fruchtgummi Goldbären Sauer 175g","Haribo","4001686327487","0.79","175g (1 kg = 4,51 €)","Süßes & Salziges","True","https://img.rewe-static.de/8859670/36839532_digital-image.png"
"REWE Beste Wahl geröstete Mandeln ohne Salz 150g","REWE Beste Wahl","4337256032551","2.39","150g (1 kg = 15,93 €)","Süßes & Salziges","False","https://img.rewe-static.de/7986860/31525552_digital-image.png"
"Funny-frisch Pom-Bär Ketchup Style 75g","Funny-frisch","4000522105227","1.79","75g (1 kg = 23,87 €)","Süßes & Salziges","False","https://img.rewe-static.de/7700363/39641275_digital-image.png"
"Funny-frisch Chipsfrisch Oriental 150g","Funny-frisch","4003586100399","1.99","150g (1 kg = 13,27 €)","Süßes & Salziges","False","https://img.rewe-static.de/7752166/37008709_digital-image.png"
"Hitschies Saure Drachenzungen brizzle Bälle 100g","hitschies","4003840003800","1.79","100g","Süßes & Salziges","False","https://img.rewe-static.de/9170110/43151924_digital-image.png"
"Trolli Saure Würmchen 150g","Trolli","4000512463429","1.09","150g (1 kg = 7,27 €)","Süßes & Salziges","False","https://img.rewe-static.de/1361566/39308935_digital-image.png"
"Katjes Bio Fruchtgummi Tierisch Beste Freunde 175g","Katjes","4037400345338","1.19","175g (1 kg = 6,80 €)","Süßes & Salziges","False","https://img.rewe-static.de/9955299/45853851_digital-image.png"
"Twix Riegel White 5x50g","Twix","5000159557344","2.59","5x46g (1 kg = 11,26 €)","Süßes & Salziges","False","https://img.rewe-static.de/9050391/42863726_digital-image.png"
"Kinder Schokolade 50g","Kinder","80177609","0.95","50g (1 kg = 19 €)","Süßes & Salziges","False","https://img.rewe-static.de/1321259/23071031_digital-image.png"
"MAOAM Kaubonbon Happy Fruttis 175g","MAOAM","4001686535561","1.19","175g (1 kg = 6,80 €)","Süßes & Salziges","False","https://img.rewe-static.de/3273210/8136510_digital-image.png"
"REWE Bio Cashewkerne Salz & Pfeffer geröstet 125g","REWE Bio","4337256646482","2.69","125g (1 kg = 21,52 €)","Süßes & Salziges","False","https://img.rewe-static.de/8764037/36478522_digital-image.png"
"Leibniz Keks 'n' Cream Schoko 228g","Leibniz","4017100365416","2.29","228g (1 kg = 10,04 €)","Süßes & Salziges","False","https://img.rewe-static.de/2842517/35771132_digital-image.png"
"REWE Beste Wahl White Choc Cranberry Soft Cookies 200g","REWE Beste Wahl","4337256636957","1.69","200g (1 kg = 8,45 €)","Süßes & Salziges","False","https://img.rewe-static.de/8936648/40080723_digital-image.png"
"Lorenz Saltletts Sticks Sesam 175g","Saltletts","4018077686719","1.11","175g (1 kg = 6,34 €)","Süßes & Salziges","True","https://img.rewe-static.de/4186397/1304280_digital-image.png"
"Storck Kau Früchtchen 425g","Storck","4014400904352","1.89","425g (1 kg = 4,45 €)","Süßes & Salziges","False","https://img.rewe-static.de/9546243/7464570_digital-image.png"
"Lindt Mini Pralinés Geburtstag-Mischung100g","Lindt","4000539103827","7.49","100g (1 kg = 74,90 €)","Süßes & Salziges","False","https://img.rewe-static.de/8320948/29835587_digital-image.png"
"Tuc Cracker Paprika 100g","Tuc","5410041066005","1.49","100g (1 kg = 14,90 €)","Süßes & Salziges","False","https://img.rewe-static.de/0346657/3071080_digital-image.png"
"Milka Choco Brookie 132g","Milka","7622201513764","2.49","132g (1 kg = 18,86 €)","Süßes & Salziges","False","https://img.rewe-static.de/8757465/36543578_digital-image.png"
"REWE Beste Wahl Jumbo Erdnüsse geröstet & gesalzen 200g","REWE Beste Wahl","4337256475501","1.29","200g (1 kg = 6,45 €)","Süßes & Salziges","False","https://img.rewe-static.de/2824641/26828730_digital-image.png"
"Celebrations Pralinen Mix 186g","Celebrations","5000159500258","3.99","186g (1 kg = 21,45 €)","Süßes & Salziges","False","https://img.rewe-static.de/3203165/26246779_digital-image.png"
"Marabou Black Salz-Lakritze 220g","Marabou","7622201727352","3.99","220g (1 kg = 18,14 €)","Süßes & Salziges","False","https://img.rewe-static.de/7594083/43166751_digital-image.png"
"Loacker Waffeln Vanille 135g","Loacker","8000380199563","1.99","135g (1 kg = 14,74 €)","Süßes & Salziges","False","https://img.rewe-static.de/8441450/30904373_digital-image.png"
"REWE Beste Wahl Pretzel Bites Honey Mustard Onion 130g","REWE Beste Wahl","4337256505338","0.99","130g (1 kg = 7,62 €)","Süßes & Salziges","False","https://img.rewe-static.de/8587177/34047050_digital-image.png"
"Seeberger Walnusskerne 150g","Seeberger","4008258130018","4.39","150g (1 kg = 29,27 €)","Süßes & Salziges","False","https://img.rewe-static.de/4745019/7360380_digital-image.png"
"Schogetten für Kinder mit Milch & Calcium 100g","Schogetten","4000607165009","1.49","100g (1 kg = 14,90 €)","Süßes & Salziges","False","https://img.rewe-static.de/8320973/43467714_digital-image.png"
"Katjes Salzige Heringe vegan 175g","Katjes","4037400344874","1.19","175g (1 kg = 6,80 €)","Süßes & Salziges","False","https://img.rewe-static.de/8968441/40286250_digital-image.png"
"Fisherman's Friend Mint ohne Zucker 25g","Fisherman's Friend","50836383","0.95","25g (1 kg = 38 €)","Süßes & Salziges","False","https://img.rewe-static.de/5760739/973750_digital-image.png"
"Milka Schokolade Toffee Ganznuss 300g","Milka","7622300134532","3.89","300g (1 kg = 12,97 €)","Süßes & Salziges","False","https://img.rewe-static.de/0196552/27661932_digital-image.png"
"Wasa Tasty Snacks Tomate & Oregano Crackers 160g","Wasa","7300400481694","2.99","160g (1 kg = 18,69 €)","Süßes & Salziges","False","https://img.rewe-static.de/2823112/25237759_digital-image.png"
"REWE Beste Wahl Triple Chocolate Cookies 200g","REWE Beste Wahl","4337256637978","1.69","200g (1 kg = 8,45 €)","Süßes & Salziges","False","https://img.rewe-static.de/7628240/39923011_digital-image.png"
"REWE Bio Apfelchips 70g","REWE Bio","4337256787444","2.49","70g (1 kg = 35,57 €)","Süßes & Salziges","False","https://img.rewe-static.de/8467434/35022290_digital-image.png"
"Hitschies Fruchtgummi Spinnenbeine sauer vegan 125g","Hitschler","4003840008317","1.39","125g (1 kg = 11,12 €)","Süßes & Salziges","False","https://img.rewe-static.de/7194096/28656276_digital-image.png"
"Katjes Tappsy vegan 175g","Katjes","4037400344867","1.19","175g (1 kg = 6,80 €)","Süßes & Salziges","False","https://img.rewe-static.de/8965606/40286384_digital-image.png"
"Snickers Minis Schokoriegel 275g","Snickers","5000159562454","3.99","275g (1 kg = 14,51 €)","Süßes & Salziges","False","https://img.rewe-static.de/9050778/43263545_digital-image.png"
"REWE Beste Wahl Donut Ringe Erdnuss Karamell 110g","REWE Beste Wahl","4337256464079","1.39","110g (1 kg = 12,64 €)","Süßes & Salziges","False","https://img.rewe-static.de/7870052/34602017_digital-image.png"
"Schogetten Vollmilch 100g","Schogetten","4000607151002","1.49","100g (1 kg = 14,90 €)","Süßes & Salziges","False","https://img.rewe-static.de/4287649/42290981_digital-image.png"
"Ferrero Rocher 200g","Ferrero Rocher","4008400163826","4.39","200g (1 kg = 21,95 €)","Süßes & Salziges","False","https://img.rewe-static.de/2374722/9233550_digital-image.png"
"nimm2 Lach Gummi Happies 325g","Nimm2","4014400924510","1.29","325g (1 kg = 3,97 €)","Süßes & Salziges","False","https://img.rewe-static.de/7211245/27543586_digital-image.png"
"REWE frei von Bio Laugensticks glutenfrei 100g","REWE frei von","4337256247177","1.59","100g (1 kg = 15,90 €)","Süßes & Salziges","False","https://img.rewe-static.de/8579861/34078007_digital-image.png"
"kinder Happy Hippo Haselnuss 5x20,7g","Kinder","8000500423530","2.19","5x20,70g (1 kg = 21,16 €)","Süßes & Salziges","False","https://img.rewe-static.de/7621296/42405641_digital-image.png"
"Schogetten Nugat 100g","Schogetten","4000607162602","1.49","100g (1 kg = 14,90 €)","Süßes & Salziges","False","https://img.rewe-static.de/8319768/29684205_digital-image.png"
"Reis-fit Risbellis Apfel & Zimt 40g","Reis-Fit","4006237091039","1.39","40g (1 kg = 34,75 €)","Süßes & Salziges","False","https://img.rewe-static.de/6898270/9245760_digital-image.png"
"Bahlsen Chokini 150g","Bahlsen","4017100179006","2.69","150g (1 kg = 17,93 €)","Süßes & Salziges","False","https://img.rewe-static.de/0101699/24413871_digital-image.png"
"Seeberger Popcorn-Mais 500g","Seeberger","4008258528020","1.99","500g (1 kg = 3,98 €)","Süßes & Salziges","False","https://img.rewe-static.de/4774167/3706620_digital-image.png"
"Frisia Ufonauten 78g","NA","5411011400003","1.99","78g (1 kg = 25,51 €)","Süßes & Salziges","False","https://img.rewe-static.de/8493461/31813108_digital-image.png"
"Airwaves Menthol & Eucalyptus Kaugummi 50 Dragees","Airwaves","4009900538718","2.95","50 Stück","Süßes & Salziges","False","https://img.rewe-static.de/8694384/35690676_digital-image.png"
"De Beukelaer Cereola Milchschokolade 150g","De Beukelaer","4001518110454","1.99","150g (1 kg = 13,27 €)","Süßes & Salziges","False","https://img.rewe-static.de/2919482/25433597_digital-image.png"
"Dextro Energy Classic 138g","Dextro Energy","40468679","2.25","138g (1 kg = 16,30 €)","Süßes & Salziges","False","https://img.rewe-static.de/3799891/1156190_digital-image.png"
"Wasa Tasty Snacks Paprika Crackers 150g","Wasa","7300400482561","2.99","150g (1 kg = 19,93 €)","Süßes & Salziges","False","https://img.rewe-static.de/8413203/31076695_digital-image.png"
"Snickers Creamy Peanut Butter 146g","Snickers","5900951310560","2.59","4x36,50g (1 kg = 17,74 €)","Süßes & Salziges","False","https://img.rewe-static.de/7604977/43331122_digital-image.png"
"Maryland Sonnenblumenkerne 500g","Maryland","4008088436045","2.49","500g (1 kg = 4,98 €)","Süßes & Salziges","False","https://img.rewe-static.de/4482964/7360440_digital-image.png"
"Prinzen Rolle Gefüllte Kekse Cremys 172g","Prinzen Rolle","4001518113639","1.99","172g (1 kg = 11,57 €)","Süßes & Salziges","False","https://img.rewe-static.de/8089120/28907417_digital-image.png"
"Seeberger Nuts 'n' Berries 150g","Seeberger","4008258051030","2.99","150g (1 kg = 19,93 €)","Süßes & Salziges","False","https://img.rewe-static.de/2458567/24885226_digital-image.png"
"Funny-frisch Goldfischli Sesam 100g","Funny-frisch","4000522060069","1.49","100g (1 kg = 14,90 €)","Süßes & Salziges","False","https://img.rewe-static.de/4781830/2986040_digital-image.png"
"MAOAM Kaubonbon Joystixx 325g","MAOAM","4001686521021","2.79","325g (1 kg = 8,58 €)","Süßes & Salziges","False","https://img.rewe-static.de/1344923/26385190_digital-image.png"
"Baiocchi Nocciola 168g","Baiocchi","8076809584081","2.29","168g (1 kg = 13,63 €)","Süßes & Salziges","False","https://img.rewe-static.de/7631935/41300291_digital-image.png"
"Schulte Feingebäck Kaffeekränze 300g","Schulte Feingebäck","4008728029408","2.79","300g (1 kg = 9,30 €)","Süßes & Salziges","False","https://img.rewe-static.de/0141167/23091337_digital-image.png"
"Seeberger Cashewkerne 200g","Seeberger","4008258107010","4.59","200g (1 kg = 22,95 €)","Süßes & Salziges","False","https://img.rewe-static.de/4744810/7360050_digital-image.png"
"Lindt Excellence Schokolade Edelbitter kräftig 85% Cacao 100g","Lindt","3046920028363","3.99","100g (1 kg = 39,90 €)","Süßes & Salziges","False","https://img.rewe-static.de/1988760/1177290_digital-image.png"
"Knoppers Black & White 8x25g","Knoppers","4014400933857","2.19","8x25g (1 kg = 10,95 €)","Süßes & Salziges","False","https://img.rewe-static.de/7723807/37835540_digital-image.png"
"Nimm2 Lachgummies Cola Flaschies 200g","Nimm2","4014400934144","1.29","200g (1 kg = 6,45 €)","Süßes & Salziges","False","https://img.rewe-static.de/8887801/38041735_digital-image.png"
"Haribo Chamallows Rombiss 225g","Haribo","5410358451068","1.99","225g (1 kg = 8,84 €)","Süßes & Salziges","False","https://img.rewe-static.de/1965315/22452830_digital-image.png"
"Loacker Napolitaner 135g","Loacker","8000380199556","1.99","135g (1 kg = 14,74 €)","Süßes & Salziges","False","https://img.rewe-static.de/8013852/30904378_digital-image.png"
"Seeberger Sonnenblumenkerne 200g","Seeberger","4008258048030","1.69","200g (1 kg = 8,45 €)","Süßes & Salziges","False","https://img.rewe-static.de/4744306/1031550_digital-image.png"
"REWE Beste Wahl Kräuter Bonbons zuckerfrei 125g","REWE Beste Wahl","4337256811408","0.95","125g (1 kg = 7,60 €)","Süßes & Salziges","False","https://img.rewe-static.de/8109695/28981894_digital-image.png"
"Milka Schokolade Joghurt 100g","Milka","4025700001450","1.99","100g (1 kg = 19,90 €)","Süßes & Salziges","False","https://img.rewe-static.de/4018885/27662889_digital-image.png"
"De Beukelaer Snacks Tourinos Feinwürziger Gouda 125g","De Beukelaer","4001518003817","1.99","125g (1 kg = 15,92 €)","Süßes & Salziges","False","https://img.rewe-static.de/2196930/1052170_digital-image.png"
"Takis Volcano Hot Piquant 100g","NA","8412600019689","2.99","100g","Süßes & Salziges","False","https://img.rewe-static.de/7626271/41571206_digital-image.png"
"Knoppers Joghurt 8 Stück, 8x25g","Knoppers","4014400933833","2.19","8x25g (1 kg = 10,95 €)","Süßes & Salziges","False","https://img.rewe-static.de/8871009/37816266_digital-image.png"
"Marabou Daim 220g","Marabou","7622201733704","3.99","220g (1 kg = 18,14 €)","Süßes & Salziges","False","https://img.rewe-static.de/9077592/43166409_digital-image.png"
"Happy Chips Paprika 150g","NA","4262479220082","1.99","150g (1 kg = 13,27 €)","Süßes & Salziges","False","https://img.rewe-static.de/9956949/44929917_digital-image.png"
"Frigeo Traubenzucker-Lolly Kirsch 8x7,5g","Frigeo","4033500101850","0.79","60g (1 kg = 13,17 €)","Süßes & Salziges","False","https://img.rewe-static.de/0977241/26022134_digital-image.png"
"Ahoj-Brause Cola Mix 150g","Ahoj-Brause","4033500649215","0.99","150g (1 kg = 6,60 €)","Süßes & Salziges","False","https://img.rewe-static.de/7674003/39950792_digital-image.png"
"Duplo White 328g, 18 Stück","Duplo","8000500276679","4.89","18x18,20g (1 kg = 14,93 €)","Süßes & Salziges","False","https://img.rewe-static.de/7191352/28050385_digital-image.png"
"REWE Beste Wahl Double Chocolate Cookies 225g","REWE Beste Wahl","4337256768030","2.29","225g (1 kg = 10,18 €)","Süßes & Salziges","False","https://img.rewe-static.de/7616489/43303825_digital-image.png"
"Arte Tapas Pan Tostado Bruschetta Tomate 150g","NA","4004019075154","1.39","150g (1 kg = 9,27 €)","Süßes & Salziges","False","https://img.rewe-static.de/7792202/35899766_digital-image.png"
"Pez Spender","PEZ","9044400841000","2.29","25,50g (1 kg = 89,80 €)","Süßes & Salziges","False","https://img.rewe-static.de/5416523/3487580_digital-image.png"
"Veganz Bio Schokolade No Added Sugar Glutenfrei 80g","Veganz","4251725802516","2.79","80g","Süßes & Salziges","False","https://img.rewe-static.de/7661828/43597504_digital-image.png"
"Feiny Biscuits Jaffa Sandwich Kirsch 380g","NA","9002859093876","2.69","380g (1 kg = 7,08 €)","Süßes & Salziges","False","https://img.rewe-static.de/3068168/35077808_digital-image.png"
"REWE Bio Edel-Bitter Schokolade 100g","REWE Bio","4337256032193","1.39","100g (1 kg = 13,90 €)","Süßes & Salziges","False","https://img.rewe-static.de/8007642/31099227_digital-image.png"
"Leibniz Pick up! Choco & Milk 5x28g","Pick Up!","4017100254819","2.39","5x28g (1 kg = 17,07 €)","Süßes & Salziges","False","https://img.rewe-static.de/8791922/36532761_digital-image.png"
"M&M`s Salted Caramel 176g","M&M's","5900951291708","3.99","176g (1 kg = 22,67 €)","Süßes & Salziges","False","https://img.rewe-static.de/8973710/39489277_digital-image.png"
"Milka darkmilk Schokolade Dunkle Alpenmilch 85g","Milka","7622201813598","1.99","85g (1 kg = 23,41 €)","Süßes & Salziges","False","https://img.rewe-static.de/8654560/33756000_digital-image.png"
"Leibniz Butterkeks Choco Edelherb 125g","Leibniz","4017100291005","2.29","125g (1 kg = 18,32 €)","Süßes & Salziges","False","https://img.rewe-static.de/3733483/1126340_digital-image.png"
"Niederegger Kirsche auf Marzipan 108g","Niederegger","4000161130123","5.8","108g (1 kg = 53,70 €)","Süßes & Salziges","False","https://img.rewe-static.de/9436600/20925810_digital-image.png"
"Ahoj-Brause Kaubonbons 150g","Ahoj-Brause","4033500032529","0.99","150g (1 kg = 6,60 €)","Süßes & Salziges","False","https://img.rewe-static.de/8428303/31322442_digital-image.png"
"Haribo Konfekt 175g","Haribo","4001686151105","0.79","175g (1 kg = 4,51 €)","Süßes & Salziges","True","https://img.rewe-static.de/8861280/36839581_digital-image.png"
"Milka Schokolade Ganze Haselnuss 270g","Milka","7622210690876","3.89","270g (1 kg = 14,41 €)","Süßes & Salziges","False","https://img.rewe-static.de/7075444/27662115_digital-image.png"
"REWE Bio Hafercookie 300g","REWE Bio","4337256447584","1.49","300g (1 kg = 4,97 €)","Süßes & Salziges","False","https://img.rewe-static.de/7205443/27965299_digital-image.png"
"Lorenz Naturals Meersalz & Pfeffer 95g","Lorenz","4018077714313","2.19","95g (1 kg = 23,05 €)","Süßes & Salziges","False","https://img.rewe-static.de/7238546/27875814_digital-image.png"
"Lorenz Crunchips Western Style 150g","Lorenz","4018077004117","1.99","150g (1 kg = 13,27 €)","Süßes & Salziges","False","https://img.rewe-static.de/7743945/37357027_digital-image.png"
"Ritter Sport Roasted Peanut vegan 100g","Ritter Sport","4000417106100","2.69","100g (1 kg = 26,90 €)","Süßes & Salziges","False","https://img.rewe-static.de/8859473/37707335_digital-image.png"
"Haribo Fruchtgummi Happy-Cola Sauer 175g","Haribo","9002975378925","0.79","175g (1 kg = 4,51 €)","Süßes & Salziges","True","https://img.rewe-static.de/7771075/36839605_digital-image.png"
"Haribo Rainbow Pixel vegan 160g","Haribo","4001686376829","0.79","160g (1 kg = 4,94 €)","Süßes & Salziges","True","https://img.rewe-static.de/8842398/38164200_digital-image.png"
"Haribo Fruchtgummi Milchbären 160g","Haribo","4001686322628","0.79","160g (1 kg = 4,94 €)","Süßes & Salziges","True","https://img.rewe-static.de/8790583/36839599_digital-image.png"
"Ültje Nussmischung Pur ungeröstet & ungesalzen 150g","Ültje","4004980532007","3.59","150g (1 kg = 23,93 €)","Süßes & Salziges","False","https://img.rewe-static.de/3056700/29376347_digital-image.png"
"Wick Kirsche & Eukalyptus ohne Zucker 72 g","WICK","4030300022064","1.65","72g (1 kg = 22,92 €)","Süßes & Salziges","False","https://img.rewe-static.de/3008658/26268019_digital-image.png"
"Lorenz Clubs Cracker 200g","Lorenz","4018077620003","1.89","200g (1 kg = 9,45 €)","Süßes & Salziges","False","https://img.rewe-static.de/8295689/3128770_digital-image.png"
"Funny-frisch Chipsfrisch Peperoni 150g","Funny-frisch","4003586100306","1.99","150g (1 kg = 13,27 €)","Süßes & Salziges","False","https://img.rewe-static.de/8823163/37132408_digital-image.png"
"Haribo Kirsch-Cola vegetarisch 175g","Haribo","4001686331842","0.79","175g (1 kg = 4,51 €)","Süßes & Salziges","True","https://img.rewe-static.de/7740494/37535212_digital-image.png"
"Bodeta Gebrannte Erdnüsse dragiert 175g","Bodeta","4014522302104","1.19","175g (1 kg = 6,80 €)","Süßes & Salziges","False","https://img.rewe-static.de/3712702/665210_digital-image.png"
"Funny-frisch Ofenchips Sour Cream 125g","Funny-frisch","4003586102089","1.99","125g (1 kg = 15,92 €)","Süßes & Salziges","False","https://img.rewe-static.de/7776873/36482412_digital-image.png"
"Griesson Unsere Kekszeit Mischung 397g","Griesson","4001518117453","4.29","397g (1 kg = 10,81 €)","Süßes & Salziges","False","https://img.rewe-static.de/9969987/45104175_digital-image.png"
"Lorenz ErdnußLocken Balls Classic 130g","Lorenz","4018077010170","1.11","130g (1 kg = 8,54 €)","Süßes & Salziges","True","https://img.rewe-static.de/9040271/42789091_digital-image.png"
"Plant for the Planet Die gute Schokolade 100g","Plant For The Planet","7610815012858","1.49","100g (1 kg = 14,90 €)","Süßes & Salziges","False","https://img.rewe-static.de/1403945/31381827_digital-image.png"
"Haribo Stafetten 160g","Haribo","4001686103241","0.79","160g (1 kg = 4,94 €)","Süßes & Salziges","True","https://img.rewe-static.de/7722682/40286173_digital-image.png"
"REWE Bio Cashew Cranberry Mix 250g","REWE Bio","4337256799829","2.89","250g (1 kg = 11,56 €)","Süßes & Salziges","False","https://img.rewe-static.de/3212382/27264915_digital-image.png"
"Haribo Konfekties 160g","Haribo","4001686327548","0.79","160g (1 kg = 4,94 €)","Süßes & Salziges","True","https://img.rewe-static.de/8789981/36878574_digital-image.png"
"Mon Chéri 315g","Mon Chéri","8000500408162","6.29","315g (1 kg = 19,97 €)","Süßes & Salziges","False","https://img.rewe-static.de/7665111/48496715_digital-image.png"
"Gadeschi Amarettini 200g","Gadeschi","8008560001521","1.79","200g (1 kg = 8,95 €)","Süßes & Salziges","False","https://img.rewe-static.de/9818308/2877820_digital-image.png"
"REWE Bio Studentenfutter 200g","REWE Bio","4337256385671","2.39","200g (1 kg = 11,95 €)","Süßes & Salziges","False","https://img.rewe-static.de/7840603/36085516_digital-image.png"
"Nestlé Choclait Chips Original 115g","Nestlé","7613039891216","3.49","115g (1 kg = 30,35 €)","Süßes & Salziges","False","https://img.rewe-static.de/2748626/25035854_digital-image.png"
"Romy Schokolade Kokos-Schoko-Creme 200g","Romy","4021700903053","1.59","200g (1 kg = 7,95 €)","Süßes & Salziges","False","https://img.rewe-static.de/0674540/3261060_digital-image.png"
"Katjes Kinder vegan 175g","Katjes","4037400344843","1.19","175g (1 kg = 6,80 €)","Süßes & Salziges","False","https://img.rewe-static.de/8966331/40264125_digital-image.png"
"Lorenz Crunchips Sour Cream 150g","Lorenz","4018077006883","1.99","150g (1 kg = 13,27 €)","Süßes & Salziges","False","https://img.rewe-static.de/8944068/40163672_digital-image.png"
"Seeberger Mandeln geröstet ohne Salz 150g","Seeberger","4008258074008","3.99","150g (1 kg = 26,60 €)","Süßes & Salziges","False","https://img.rewe-static.de/7292691/29200612_digital-image.png"
"Seeberger Studentenfutter 400g","Seeberger","4008258154236","6.99","400g (1 kg = 17,48 €)","Süßes & Salziges","False","https://img.rewe-static.de/2458562/24885418_digital-image.png"
"Kluth Cashewkerne 100g","Kluth","4008088102216","2.79","100g (1 kg = 27,90 €)","Süßes & Salziges","False","https://img.rewe-static.de/2550237/11102570_digital-image.png"
"REWE Feine Welt Haselnuss-Spitzen 100g","REWE Feine Welt","4337256642194","1.99","100g (1 kg = 19,90 €)","Süßes & Salziges","False","https://img.rewe-static.de/8933019/40082710_digital-image.png"
"Funny-frisch Kessel Chips CrossCut Spicy BBQ Sauce 120g","Funny-frisch","4003586100795","2.49","120g (1 kg = 20,75 €)","Süßes & Salziges","False","https://img.rewe-static.de/9117621/44143329_digital-image.png"
"Milka Cookies Sensations 156g","Milka","7622210419972","2.59","156g (1 kg = 16,60 €)","Süßes & Salziges","False","https://img.rewe-static.de/2444997/24051121_digital-image.png"
"Funny-frisch Cornados Paprika 80g","Funny-frisch","4003586105721","1.89","80g (1 kg = 23,63 €)","Süßes & Salziges","False","https://img.rewe-static.de/8622733/34397356_digital-image.png"
"Milka Schokolade Oreo White 100g","Milka","7622201120931","1.99","100g (1 kg = 19,90 €)","Süßes & Salziges","False","https://img.rewe-static.de/8409605/31385428_digital-image.png"
"REWE Feine Welt Coconut Cashews 130g","REWE Feine Welt","4337256489874","2.49","130g (1 kg = 19,15 €)","Süßes & Salziges","False","https://img.rewe-static.de/7769315/37502914_digital-image.png"
"Seeberger Entdecker-Mix Nussmischung mit Maulbeeren 150g","Seeberger","4008258013007","3.99","150g","Süßes & Salziges","False","https://img.rewe-static.de/9101750/42273836_digital-image.png"
"Ültje Erdnüsse geröstet & gesalzen 200g","Ültje","4004980505506","2.49","200g (1 kg = 12,45 €)","Süßes & Salziges","False","https://img.rewe-static.de/7864699/36183904_digital-image.png"
"Riesen Karamellbonbons 116g","Storck","40144993","0.59","116g (1 kg = 5,09 €)","Süßes & Salziges","False","https://img.rewe-static.de/1489403/23068357_digital-image.png"
"REWE Feine Welt Trüffel Cashews 130g","REWE Feine Welt","4337256855068","2.49","130g","Süßes & Salziges","False","https://img.rewe-static.de/7569825/44697394_digital-image.png"
"Busch Feines Schaumgebäck Tropfen naturell 100g","Busch","4007384000059","1.79","100g (1 kg = 17,90 €)","Süßes & Salziges","False","https://img.rewe-static.de/8011290/30628014_digital-image.png"
"Wick Blau Menthol ohne Zucker 72g","WICK","4030300022033","1.65","72g (1 kg = 22,92 €)","Süßes & Salziges","False","https://img.rewe-static.de/3008660/25650129_digital-image.png"
"Knoppers NussRiegel Dark 200g, 5 Stück","Knoppers","4014400931280","2.19","5x40g (1 kg = 10,95 €)","Süßes & Salziges","False","https://img.rewe-static.de/7890618/34172280_digital-image.png"
"REWE Bio + vegan Schweizer Nougat & Crisp 100g","REWE Bio","4337256471787","1.99","100g (1 kg = 19,90 €)","Süßes & Salziges","False","https://img.rewe-static.de/8595387/33525209_digital-image.png"
"Niederegger Marzipan Herzen 50g","Niederegger","4000161090052","2.5","50g (1 kg = 50 €)","Süßes & Salziges","False","https://img.rewe-static.de/8320265/32468235_digital-image.png"
"Milka Schokolade Trauben-Nuss 100g","Milka","3045140280902","1.99","100g (1 kg = 19,90 €)","Süßes & Salziges","False","https://img.rewe-static.de/1040103/27662168_digital-image.png"
"Niederegger Marzipan-Schwarzbrot 125g","Niederegger","4000161050308","3.8","125g (1 kg = 30,40 €)","Süßes & Salziges","False","https://img.rewe-static.de/4931343/7460970_digital-image.png"
"Ritter Sport Nussklasse Pistazie 100g","Ritter Sport","4000417670915","1.69","100g (1 kg = 16,90 €)","Süßes & Salziges","True","https://img.rewe-static.de/9921846/47095733_digital-image.png"
"Ferrero Küsschen 20+2 Stück","Ferrero","8000500303627","2.49","195,80g (1 kg = 12,72 €)","Süßes & Salziges","True","https://img.rewe-static.de/8106891/29020025_digital-image.png"
"Lorenz NicNac's Nacho Cheese Style 110g","Lorenz","4018077010682","1.11","110g (1 kg = 10,09 €)","Süßes & Salziges","True","https://img.rewe-static.de/7592933/44093861_digital-image.png"
"REWE Bio Maronen 100g","REWE Bio","4337256791601","2.99","100g (1 kg = 29,90 €)","Süßes & Salziges","False","https://img.rewe-static.de/1026287/8672690_digital-image.png"
"REWE Bio Hafercookie Vollmilch 300g","REWE Bio","4337256673266","3.39","300g (1 kg = 11,30 €)","Süßes & Salziges","False","https://img.rewe-static.de/7206215/27970425_digital-image.png"
"REWE Beste Wahl Mandelhörnchen 175g","REWE Beste Wahl","4337256865098","2.29","175g (1 kg = 13,09 €)","Süßes & Salziges","False","https://img.rewe-static.de/2097513/22649761_digital-image.png"
"Haribo Sauerbrenner Fruchtgummi 160g","Haribo","9002975002516","0.79","160g (1 kg = 4,94 €)","Süßes & Salziges","True","https://img.rewe-static.de/9916640/48072593_digital-image.png"
"Doritos Tortilla Chips Flamin Hot 75g","Doritos","5900259135391","1.19","75g (1 kg = 15,87 €)","Süßes & Salziges","True","https://img.rewe-static.de/9105907/43736165_digital-image.png"
"Lindt Excellence Schokolade Edelbitter mild 70% Cacao 100g","Lindt","4000539003509","3.99","100g (1 kg = 39,90 €)","Süßes & Salziges","False","https://img.rewe-static.de/0437435/1736570_digital-image.png"
"REWE Bio Orange Schokolade vegan 100g","REWE Bio","4337256698641","1.39","100g (1 kg = 13,90 €)","Süßes & Salziges","False","https://img.rewe-static.de/7645532/41928514_digital-image.png"
"Haribo Pasta Frutta vegan 160g","Haribo","4001686009420","0.79","160g (1 kg = 4,94 €)","Süßes & Salziges","True","https://img.rewe-static.de/9907780/47788861_digital-image.png"
"Ültje Pistazien mit Schale 150g","Ültje","4004980539600","3.49","150g (1 kg = 23,27 €)","Süßes & Salziges","False","https://img.rewe-static.de/2131110/2121340_digital-image.png"
"Hitschies Saure Drachenzungen vegan 125g","hitschies","4003840008751","1.39","125g (1 kg = 11,12 €)","Süßes & Salziges","False","https://img.rewe-static.de/8605499/34350786_digital-image.png"
"Farmer's Snack Mandeln naturbelassen 200g","Farmer's Snack","4010442408667","3.99","200g (1 kg = 19,95 €)","Süßes & Salziges","False","https://img.rewe-static.de/7091755/30223449_digital-image.png"
"Maryland Kürbiskerne 400g","Maryland","4008088444965","4.99","400g (1 kg = 12,48 €)","Süßes & Salziges","False","https://img.rewe-static.de/3555728/30323989_digital-image.png"
"REWE Bio Erdnüsse 250g","REWE Bio","4388840082421","1.99","250g (1 kg = 7,96 €)","Süßes & Salziges","False","https://img.rewe-static.de/2903350/24563384_digital-image.png"
"Seeberger Nusskernmischung 400g","Seeberger","4008258150108","7.99","400g (1 kg = 19,98 €)","Süßes & Salziges","False","https://img.rewe-static.de/2458556/24885392_digital-image.png"
"Lindt Excellence Schokolade Edelbitter mild 85% Cacao 100g","Lindt","3046920029681","3.99","100g (1 kg = 39,90 €)","Süßes & Salziges","False","https://img.rewe-static.de/0997154/15243590_digital-image.png"
"Wrigley's Extra Professional White 50 Dragees","Wrigley's Extra","4009900543989","3.45","50 Stück","Süßes & Salziges","False","https://img.rewe-static.de/8968031/40803447_digital-image.png"
"KoRo Bio Erdbeerscheiben gefriergetrocknet 20g","KoRo","4260335839591","2.49","20g (1 kg = 124,50 €)","Süßes & Salziges","False","https://img.rewe-static.de/8009540/36686346_digital-image.png"
"Schwarze Herren Schokolade Edelbitter Original 100g","NA","4030387760637","1.19","100g (1 kg = 11,90 €)","Süßes & Salziges","False","https://img.rewe-static.de/8998382/41065935_digital-image.png"
"Ültje Mandel-Erdnuss-Mix Honig & Salz 200g","Ültje","4004980530508","3.29","200g (1 kg = 16,45 €)","Süßes & Salziges","False","https://img.rewe-static.de/2490944/24193771_digital-image.png"
"REWE Beste Wahl Kesselchips Sweet Chili 150g","REWE Beste Wahl","4337256750806","1.49","150g (1 kg = 9,93 €)","Süßes & Salziges","False","https://img.rewe-static.de/7705305/39251943_digital-image.png"
"Seeberger Datteln ensteint 500g","Seeberger","4008258252024","5.99","500g (1 kg = 11,98 €)","Süßes & Salziges","False","https://img.rewe-static.de/2842246/26081093_digital-image.png"
"Takis Fuego Extreme 100g","NA","8412600019672","2.99","100g","Süßes & Salziges","False","https://img.rewe-static.de/9019559/41571208_digital-image.png"
"Maryland Nusskernmischung 500g","Maryland","4008088177467","8.99","500g (1 kg = 17,98 €)","Süßes & Salziges","False","https://img.rewe-static.de/0092070/25655020_digital-image.png"
"Seeberger Haselnusskerne 200g","Seeberger","4008258100011","5.79","200g (1 kg = 28,95 €)","Süßes & Salziges","False","https://img.rewe-static.de/4744659/975570_digital-image.png"
"Mayka Sticks 200g","Mayka","4006748000155","1.79","200g (1 kg = 8,95 €)","Süßes & Salziges","False","https://img.rewe-static.de/2604299/1862690_digital-image.png"
"Ritter Sport Halbbitter 100g","Ritter Sport","4000417602015","1.89","100g (1 kg = 18,90 €)","Süßes & Salziges","False","https://img.rewe-static.de/7799521/36786827_digital-image.png"
"Lindt Vollmilchschokolade aus Alpenvollmilch 100g","Lindt","4000539001307","2.79","100g (1 kg = 27,90 €)","Süßes & Salziges","False","https://img.rewe-static.de/0044970/5194480_digital-image.png"
"Hitschies Berry Mix 125g","hitschies","4100250006312","1.69","125g (1 kg = 13,52 €)","Süßes & Salziges","False","https://img.rewe-static.de/7584453/43442265_digital-image.png"
"REWE Bio Paranusskerne 200g","REWE Bio","4337256820660","3.99","200g (1 kg = 19,95 €)","Süßes & Salziges","False","https://img.rewe-static.de/3212388/27264377_digital-image.png"
"Wrigley's Extra Professional Fresh Spearmint 50 Dragees","Wrigley's Extra","4009900544245","2.95","50 Stück","Süßes & Salziges","False","https://img.rewe-static.de/7660396/40800606_digital-image.png"
"REWE Beste Wahl Mozartkugeln 200g","REWE Beste Wahl","4337256846332","2.99","200g (1 kg = 14,95 €)","Süßes & Salziges","False","https://img.rewe-static.de/9994355/45627255_digital-image.png"
"Ricola Alpen-Salbei zuckerfrei 75g","Ricola","7610700945117","1.85","75g (1 kg = 24,67 €)","Süßes & Salziges","False","https://img.rewe-static.de/1362932/20609658_digital-image.png"
"Seeberger Mango Streifen 300g","Seeberger","4008258276020","9.99","300g (1 kg = 33,30 €)","Süßes & Salziges","False","https://img.rewe-static.de/7749904/37210766_digital-image.png"
"Haribo Fruchtgummi Goldbären 1kg","Haribo","4001686301784","5.99","1000g","Süßes & Salziges","False","https://img.rewe-static.de/8593736/6395520_digital-image.png"
"Ültje Cashewkerne 150g","Ültje","4004980536807","3.79","150g (1 kg = 25,27 €)","Süßes & Salziges","False","https://img.rewe-static.de/1104453/13258490_digital-image.png"
"Farmer's Snack Walnusskerne aus Kalifornien 100g","Farmer's Snack","4010442403068","1.99","100g (1 kg = 19,90 €)","Süßes & Salziges","False","https://img.rewe-static.de/7049471/28581881_digital-image.png"
"Ricola Zitronenmelisse 75g","Ricola","7610700945131","1.85","75g (1 kg = 24,67 €)","Süßes & Salziges","False","https://img.rewe-static.de/1362924/24437408_digital-image.png"
"Tic Tac Fresh Mint 54g","Tic Tac","8000500166697","1.99","54g (1 kg = 36,85 €)","Süßes & Salziges","False","https://img.rewe-static.de/9030813/42458738_digital-image.png"
"Ültje Studentenfutter Original 200g","Ültje","4004980560307","3.29","200g (1 kg = 16,45 €)","Süßes & Salziges","False","https://img.rewe-static.de/2102030/684000_digital-image.png"
"Airwaves Cool Cassis Kaugummi 3x10 Dragees","Airwaves","4009900376600","1.89","NA","Süßes & Salziges","False","https://img.rewe-static.de/0881171/20653946_digital-image.png"
"REWE Beste Wahl Cookies Chocolate Peanut 150g","REWE Beste Wahl","4337256636537","1.49","150g (1 kg = 9,93 €)","Süßes & Salziges","False","https://img.rewe-static.de/8931886/40042120_digital-image.png"
"Lindt klassische Ganznuss Schokolade Tafel 100g","Lindt","4000539002809","3.69","100g (1 kg = 36,90 €)","Süßes & Salziges","False","https://img.rewe-static.de/0326283/5505150_digital-image.png"
"Wick Zitrone & Menthol ohne Zucker 72g","WICK","4030300022088","1.65","72g (1 kg = 22,92 €)","Süßes & Salziges","False","https://img.rewe-static.de/3008653/25936098_digital-image.png"
"Manner Zitronencreme-Schnitten 400g","Manner","9000331607207","3.79","400g (1 kg = 9,48 €)","Süßes & Salziges","False","https://img.rewe-static.de/2205770/23071933_digital-image.png"
"Maryland Röst-Cashews ohne Salz 400g","Maryland","4008088111300","6.99","400g (1 kg = 17,48 €)","Süßes & Salziges","False","https://img.rewe-static.de/8353357/32250967_digital-image.png"
"Red Band Fruchtgummi Assortie 500g","Red Band","8713800102875","2.79","500g (1 kg = 5,58 €)","Süßes & Salziges","False","https://img.rewe-static.de/6077978/5367710_digital-image.png"
"REWE Beste Wahl Edel-Bitterschokolade 100g","REWE Beste Wahl","4337256747912","1.19","100g (1 kg = 11,90 €)","Süßes & Salziges","False","https://img.rewe-static.de/9022105/42944509_digital-image.png"
"Nippon Zartbitter 200g","Nippon","4021700902629","2.19","200g (1 kg = 10,95 €)","Süßes & Salziges","False","https://img.rewe-static.de/7689561/39390095_digital-image.png"
"REWE Feine Welt Cantuccini Mandeln 200g","REWE Feine Welt","4337256271981","2.99","200g (1 kg = 14,95 €)","Süßes & Salziges","False","https://img.rewe-static.de/8607332/33646304_digital-image.png"
"REWE Beste Wahl Beer Style Erdnuss Mix 120g","REWE Beste Wahl","4388860447330","1.69","120g (1 kg = 14,08 €)","Süßes & Salziges","False","https://img.rewe-static.de/8033011/31544927_digital-image.png"
"Lindt Maitre Chocolatier Vollmilch Schokolade 100g","Lindt","3046920021807","1.99","100g (1 kg = 19,90 €)","Süßes & Salziges","False","https://img.rewe-static.de/7621112/42159987_digital-image.png"
"Ritter Sport Mini Bunter Mix 150g","Ritter Sport","4000417119605","3.39","150g (1 kg = 22,60 €)","Süßes & Salziges","False","https://img.rewe-static.de/7582244/44227759_digital-image.png"
"Werther's Original zuckerfrei 70g","Werther's Original","4014400907636","1.19","70g (1 kg = 17 €)","Süßes & Salziges","False","https://img.rewe-static.de/0177788/29944528_digital-image.png"
"VIVIL Extra Stark Halsbonbons ohne Zucker 120g","VIVIL","4020400893022","1.89","120g (1 kg = 15,75 €)","Süßes & Salziges","False","https://img.rewe-static.de/1403679/42760834_digital-image.png"
"REWE Feine Welt Mandel-Haselnuss Florentiner mit Vollmilchschokolade 125g","REWE Feine Welt","4337256814126","2.49","125g (1 kg = 19,92 €)","Süßes & Salziges","False","https://img.rewe-static.de/7585835/43612288_digital-image.png"
"Farmer's Snack Walnusskerne aus Kalifornien 350g","Farmer's Snack","4010442403792","6.99","350g (1 kg = 19,97 €)","Süßes & Salziges","False","https://img.rewe-static.de/1382588/23722243_digital-image.png"
"Lindt Excellence Schokolade Vollmilch 100g","Lindt","3046920022156","3.99","100g (1 kg = 39,90 €)","Süßes & Salziges","False","https://img.rewe-static.de/7574839/44533275_digital-image.png"
"Lindt Excellence Schokolade Edelbitter intensiv 70% Cacao 100g","Lindt","3046920022132","3.99","100g (1 kg = 39,90 €)","Süßes & Salziges","False","https://img.rewe-static.de/7578225/44838251_digital-image.png"
"Dovgan Sonnenblumenkerne nach russischer Art 300g","Dovgan","4032549004276","1.99","300g (1 kg = 6,63 €)","Süßes & Salziges","False","https://img.rewe-static.de/0856011/22517449_digital-image.png"
"Max Jumbo Cashews geröstet & gesalzen 225g","MAX","4003786912259","5.99","225g (1 kg = 26,62 €)","Süßes & Salziges","False","https://img.rewe-static.de/8534162/32556564_digital-image.png"
"Manner Törtchen 400g","Manner","9000331607955","3.79","400g (1 kg = 9,48 €)","Süßes & Salziges","False","https://img.rewe-static.de/2560895/4769880_digital-image.png"
"Fisherman's Friend Wild Cherry ohne Zucker 25g","Fisherman's Friend","50357437","0.95","25g (1 kg = 38 €)","Süßes & Salziges","False","https://img.rewe-static.de/4882970/7479280_digital-image.png"
"Lindt Creation Pistazie Feinherb-Schokolade 148g","Lindt","4000539118708","4.99","148g (1 kg = 33,72 €)","Süßes & Salziges","False","https://img.rewe-static.de/2655618/26308069_digital-image.png"
"Maryland Snack Nüsse Salz XXL geröstet & gesalzen 450g","Maryland","4008088181501","4.99","450g (1 kg = 11,09 €)","Süßes & Salziges","False","https://img.rewe-static.de/8126787/30081078_digital-image.png"
"Seeberger Cashewkerne geröstet 150g","Seeberger","4008258109007","4.49","150g (1 kg = 29,93 €)","Süßes & Salziges","False","https://img.rewe-static.de/7294594/29385445_digital-image.png"
"REWE Feine Welt Trufas Marc de Champagne 200g","REWE Feine Welt","4337256802093","2.99","200g (1 kg = 14,95 €)","Süßes & Salziges","False","https://img.rewe-static.de/7588218/43612307_digital-image.png"
"Seeberger Paranusskerne 200g","Seeberger","4008258121016","4.99","200g (1 kg = 24,95 €)","Süßes & Salziges","False","https://img.rewe-static.de/4744896/3829790_digital-image.png"
"Ültje Rauchmandeln geröstet 150g","Ültje","4004980537903","3.79","150g (1 kg = 25,27 €)","Süßes & Salziges","False","https://img.rewe-static.de/9043019/42812435_digital-image.png"
"Veganz Gummibärchen vegan 100g","Veganz","4260402484327","1.29","100g (1 kg = 12,90 €)","Süßes & Salziges","False","https://img.rewe-static.de/7135298/27446032_digital-image.png"
"Mentos Kaugummi Pure White 70g","Mentos","80781073","2.55","70g (1 kg = 36,43 €)","Süßes & Salziges","False","https://img.rewe-static.de/2858250/28596672_digital-image.png"
"Max Jumbo Erdnüsse geröstet & ungesalzen 300g","MAX","4003786963008","3.69","300g (1 kg = 12,30 €)","Süßes & Salziges","False","https://img.rewe-static.de/1312641/23847843_digital-image.png"
"REWE frei von Bio Chocolate Cookies 150g","REWE frei von","4337256823067","1.99","150g (1 kg = 13,27 €)","Süßes & Salziges","False","https://img.rewe-static.de/7587369/43852501_digital-image.png"
"Wrigley's Extra Professional Fresh Erdbeere 50 Dragees","Wrigley's Extra","4009900544467","2.95","50 Stück","Süßes & Salziges","False","https://img.rewe-static.de/8970393/41006111_digital-image.png"
"Kemm Echte Kemmsche Kuchen 200g","Kemm","4008253000019","2.89","200g (1 kg = 14,45 €)","Süßes & Salziges","False","https://img.rewe-static.de/0207578/21917117_digital-image.png"
"Schär Notes Schokokekse glutenfrei 81g","Schär","8008698040966","3.99","81g","Süßes & Salziges","False","https://img.rewe-static.de/7645265/43186603_digital-image.png"
"Haribo Jelly Beans 160g","Haribo","9002975002523","0.79","160g (1 kg = 4,94 €)","Süßes & Salziges","True","https://img.rewe-static.de/9923236/46275058_digital-image.png"
"Seeberger Schoko-Mix mit Pekannüssen 150g","Seeberger","4008258157008","3.69","150g (1 kg = 24,60 €)","Süßes & Salziges","False","https://img.rewe-static.de/3248929/26682140_digital-image.png"
"Ricola Kräuter Original 50g","Ricola","7610700946008","1.65","50g (1 kg = 33 €)","Süßes & Salziges","False","https://img.rewe-static.de/5258065/45195780_digital-image.png"
"Pulmoll Hustenbonbons Classic rot 75g","Pulmoll","4002590140124","1.39","75g (1 kg = 18,53 €)","Süßes & Salziges","False","https://img.rewe-static.de/0678070/6587490_digital-image.png"
"P&E Eierlikör Röllchen 200g","P&E","5453001001685","2.49","200g (1 kg = 12,45 €)","Süßes & Salziges","False","https://img.rewe-static.de/1216408/13424230_digital-image.png"
"Lindt Excellence Tafelschokolade Orange Intense feinherb 100g","Lindt","7610400099882","2.99","100g","Süßes & Salziges","False","https://img.rewe-static.de/9203140/44838172_digital-image.png"
"Ültje Cashewkerne ohne Salz 150g","Ültje","4004980536906","3.79","150g (1 kg = 25,27 €)","Süßes & Salziges","False","https://img.rewe-static.de/1104450/13258710_digital-image.png"
"KoRo Bio Nut Butter Cups Salted Peanut 3x13g","KoRo","4255582808377","2.29","39g (1 kg = 58,72 €)","Süßes & Salziges","False","https://img.rewe-static.de/8942202/41259067_digital-image.png"
"Tony´s Chocolonely Schokolade Vollmilch Chocolate Chip Cookie 180g","Tony’s Chocolonely","8720701144293","3.49","180g (1 kg = 19,39 €)","Süßes & Salziges","False","https://img.rewe-static.de/7648624/40930418_digital-image.png"
"Airwaves Strong 50 Dragees","Airwaves","4009900537667","2.95","50 Stück","Süßes & Salziges","False","https://img.rewe-static.de/8850705/40798308_digital-image.png"
"KoRo Haferkeks mit Schokodrops 200g","KoRo","4260654788198","2.89","200g (1 kg = 14,45 €)","Süßes & Salziges","False","https://img.rewe-static.de/7898678/45540504_digital-image.png"
"Ritter Sport Funky White Lemon 100g","Ritter Sport","4000417628510","1.89","100g (1 kg = 18,90 €)","Süßes & Salziges","False","https://img.rewe-static.de/7623053/42059388_digital-image.png"
"REWE Beste Wahl Butterspritzgebäck Himbeere 150g","REWE Beste Wahl","4337256812634","1.99","150g (1 kg = 13,27 €)","Süßes & Salziges","False","https://img.rewe-static.de/9082604/43830274_digital-image.png"
"Lindt Nougat Pralinen 200g","Lindt","4000539103049","11.99","200g (1 kg = 59,95 €)","Süßes & Salziges","False","https://img.rewe-static.de/8067923/29834176_digital-image.png"
"Schär Curvies Paprika glutenfrei 170g","Schär","8008698031018","2.99","170g (1 kg = 17,59 €)","Süßes & Salziges","False","https://img.rewe-static.de/8355481/33234821_digital-image.png"
"Happy Chips gesalzen 150g","NA","4262479220068","1.99","150g (1 kg = 13,27 €)","Süßes & Salziges","False","https://img.rewe-static.de/9957253/44929901_digital-image.png"
"Ültje Studentenfutter pur ungeröstet & ungesalzen 150g","Ültje","4004980563308","3.29","150g (1 kg = 21,93 €)","Süßes & Salziges","False","https://img.rewe-static.de/3056682/29944280_digital-image.png"
"Funny-frisch Chitos Juicy Paprika Style 80g","Funny-frisch","4003586107855","1.89","80g (1 kg = 23,63 €)","Süßes & Salziges","False","https://img.rewe-static.de/9993237/44752418_digital-image.png"
"Kuchenmeister Koala Schoko 75g","Kuchenmeister","4101540714573","1.39","75g (1 kg = 18,53 €)","Süßes & Salziges","False","https://img.rewe-static.de/9898374/48302419_digital-image.png"
"Airwaves Cool Cassis Kaugummi 12 Dragees","Airwaves","4009900519960","0.99","12 Stück","Süßes & Salziges","False","https://img.rewe-static.de/7057039/27990282_digital-image.png"
"Tic Tac Spearmint 54g, 110 Stück","Tic Tac","8000500416693","1.99","54g (1 kg = 36,85 €)","Süßes & Salziges","False","https://img.rewe-static.de/9031403/42458379_digital-image.png"
"Lindt Tafel Vollmilch Nuss 300g","Lindt","7610400100052","7.99","300g (1 kg = 26,63 €)","Süßes & Salziges","False","https://img.rewe-static.de/7575958/44533580_digital-image.png"
"Kuhbonbon Caramel vegan 165g","Savitor","4028452261110","2.99","165g (1 kg = 18,12 €)","Süßes & Salziges","False","https://img.rewe-static.de/7097226/27194344_digital-image.png"
"Em-Eukal Klassisch 150g","Em-eukal","4009077024007","2.39","150g (1 kg = 15,93 €)","Süßes & Salziges","False","https://img.rewe-static.de/0354875/7401730_digital-image.png"
"Tic Tac Fruity Mix 18g","Tic Tac","80816652","0.95","18g (1 kg = 52,78 €)","Süßes & Salziges","False","https://img.rewe-static.de/8566261/32749181_digital-image.png"
"Lindt Pralinés Hochfein 200g","Lindt","4000539103865","13.99","200g (1 kg = 69,95 €)","Süßes & Salziges","False","https://img.rewe-static.de/8339150/29834905_digital-image.png"
"Paw Patrol Pop Up Lollipop 1 Stück","BIP Holland B.V.","8714786258969","1.89","1 Stück","Süßes & Salziges","False","https://img.rewe-static.de/7043127/27973903_digital-image.png"
"Ritter Sport Lakritz 100g","Ritter Sport","4000417620415","1.89","100g (1 kg = 18,90 €)","Süßes & Salziges","False","https://img.rewe-static.de/8162781/47095706_digital-image.png"
"Tic Tac Fresh Mint 18g","Tic Tac","40084633","0.95","18g (1 kg = 52,78 €)","Süßes & Salziges","False","https://img.rewe-static.de/0325294/7459890_digital-image.png"
"Ricola Holunderblüten zuckerfrei 75g","Ricola","7610700945070","1.85","75g (1 kg = 24,67 €)","Süßes & Salziges","False","https://img.rewe-static.de/1362943/20609655_digital-image.png"
"Ricola Schweizer Kräuterzucker 250g","Ricola","7610700600054","3.25","250g (1 kg = 13 €)","Süßes & Salziges","False","https://img.rewe-static.de/4774183/6266300_digital-image.png"
"Ritter Sport Weisse Lakritz 100g","Ritter Sport","4000417622310","1.89","100g (1 kg = 18,90 €)","Süßes & Salziges","False","https://img.rewe-static.de/9916108/47095787_digital-image.png"
"Manner Feinste Eiswaffeln 75g","Manner","9015810000141","0.99","75g (1 kg = 13,20 €)","Süßes & Salziges","False","https://img.rewe-static.de/9064785/44095507_digital-image.png"
"Wrigley's Extra Professional White 10 Dragees","Wrigley's Extra","40099415","1.19","10 Stück","Süßes & Salziges","False","https://img.rewe-static.de/8970497/40804495_digital-image.png"
"Ricola Halsbonbons Zitronenmelisse zuckerfrei 50g","Ricola","7610700946053","1.65","50g (1 kg = 33 €)","Süßes & Salziges","False","https://img.rewe-static.de/5258146/7479510_digital-image.png"
"Ültje Fusion Peanut meets Paprika 150g","Ültje","4004980409507","1.99","150g (1 kg = 13,27 €)","Süßes & Salziges","False","https://img.rewe-static.de/7657306/41053134_digital-image.png"
"Elephant Pretzels Honey Mustard & Onion 70g","NA","5949040202058","1.19","70g (1 kg = 17 €)","Süßes & Salziges","False","https://img.rewe-static.de/8259231/31167972_digital-image.png"
"Lindt Pralinés Classic Confiserie für Kenner 200g","Lindt","4000539103087","11.99","200g (1 kg = 59,95 €)","Süßes & Salziges","False","https://img.rewe-static.de/8068833/29834899_digital-image.png"
"Lindt Tafel Vollmilch Extra 300g","Lindt","7610400100069","7.99","300g (1 kg = 26,63 €)","Süßes & Salziges","False","https://img.rewe-static.de/9096857/44533287_digital-image.png"
"Seeberger Crunchy Fava Snack gesalzen vegan 125g","Seeberger","4008258460009","2.69","125g (1 kg = 21,52 €)","Süßes & Salziges","False","https://img.rewe-static.de/8888910/37356622_digital-image.png"
"Airwaves Lime & Ginger 12 Dragees","Airwaves","4008429162459","0.99","12 Stück","Süßes & Salziges","False","https://img.rewe-static.de/7670323/40798671_digital-image.png"
"Lindt Lindor Tafel Milch 100g","Lindt","7610400099943","2.99","100g","Süßes & Salziges","False","https://img.rewe-static.de/7575818/45248146_digital-image.png"
"Ga-Jol Salt Lakrids rund & blød 140g","Ga-Jol","5774540506005","2.39","140g (1 kg = 17,07 €)","Süßes & Salziges","False","https://img.rewe-static.de/8012535/31549281_digital-image.png"
"Lindt Lindor Tafelschokolade weiß 100g","Lindt","7610400099929","2.99","100g","Süßes & Salziges","False","https://img.rewe-static.de/9203030/44838206_digital-image.png"
"Mentos Gum Pure Fresh Erdbeer 70g","Mentos","80847656","2.55","70g (1 kg = 36,43 €)","Süßes & Salziges","False","https://img.rewe-static.de/8258242/29001376_digital-image.png"
"Wrigley's Extra Professional Fresh Strong Mint 10 Stück","Wrigley's Extra","40099460","0.99","10 Stück","Süßes & Salziges","False","https://img.rewe-static.de/8971588/41230820_digital-image.png"
"Choco Crossies Crunchy Balls Milchschokolade 200g","Choco Crossies","3800020441718","4.49","200g (1 kg = 22,45 €)","Süßes & Salziges","False","https://img.rewe-static.de/9960602/46936710_digital-image.png"
"Hubba Bubba Bubble Tape Triple-Mix 180cm","Hubba Bubba","4009900406918","1.59","56g (1 kg = 28,39 €)","Süßes & Salziges","False","https://img.rewe-static.de/0022082/8133590_digital-image.png"
"Lindt Lindor Milch Schokokugeln im Beutel 137g","Lindt","4000539119941","6.29","137g (1 kg = 45,91 €)","Süßes & Salziges","False","https://img.rewe-static.de/9099072/44533553_digital-image.png"
"Lindt Pralinés Royal 300g","Lindt","4000539103162","19.99","300g (1 kg = 66,63 €)","Süßes & Salziges","False","https://img.rewe-static.de/8326817/29835553_digital-image.png"
"Mitsuba Streetfood Snack Mix Thai Green Curry 140g","Mitsuba","8711299017267","2.49","140g (1 kg = 17,79 €)","Süßes & Salziges","False","https://img.rewe-static.de/8996233/41680352_digital-image.png"
"Ricola Alpen Salbei zuckerfrei 50g","Ricola","7610700946398","1.65","50g (1 kg = 33 €)","Süßes & Salziges","False","https://img.rewe-static.de/3133427/7471180_digital-image.png"
"Ricola Ingwer Orangenminze 75g","Ricola","7610700014189","1.85","75g (1 kg = 24,67 €)","Süßes & Salziges","False","https://img.rewe-static.de/7865866/34467708_digital-image.png"
"Ahoj-Brause Kauminis 150g","Ahoj-Brause","4033500649482","0.99","150g","Süßes & Salziges","False","https://img.rewe-static.de/9990777/44087333_digital-image.png"
"Ferrero Pocket Coffee 5er Riegel 62g","Ferrero","4008400141527","1.65","62g (1 kg = 26,61 €)","Süßes & Salziges","False","https://img.rewe-static.de/5067723/7457760_digital-image.png"
"Kinder Bueno 43g","Kinder","4008400935225","1.19","43g (1 kg = 27,67 €)","Süßes & Salziges","False","https://img.rewe-static.de/4091957/2539580_digital-image.png"
"Kinder Country 23,5g","Kinder","40084176","0.55","23,50g (1 kg = 23,40 €)","Süßes & Salziges","False","https://img.rewe-static.de/6938876/7468410_digital-image.png"
"Kinder Riegel 21g","Kinder","40084077","0.55","21g (1 kg = 26,19 €)","Süßes & Salziges","False","https://img.rewe-static.de/3211630/7457160_digital-image.png"
"Seeberger Nuts 'n' Berries 400g","Seeberger","4008258051061","6.99","400g (1 kg = 17,48 €)","Süßes & Salziges","False","https://img.rewe-static.de/7752196/39509025_digital-image.png"
"Em-eukal Johannisbeere gefüllt zuckerfrei 75g","Em-eukal","4009077024304","1.79","75g (1 kg = 23,87 €)","Süßes & Salziges","False","https://img.rewe-static.de/2502331/27950361_digital-image.png"
"Lindt Edelbitter Schokolade Mousse Sauerkirsche-Chili 150g","Lindt","4000539014307","4.99","150g (1 kg = 33,27 €)","Süßes & Salziges","False","https://img.rewe-static.de/2897598/649350_digital-image.png"
"Seeberger Ananas ungezuckert 100g","Seeberger","4008258416013","3.49","100g (1 kg = 34,90 €)","Süßes & Salziges","False","https://img.rewe-static.de/9964540/46044397_digital-image.png"
"Tic Tac Fruity Mix 54g","Tic Tac","8000500341872","1.99","54g (1 kg = 36,85 €)","Süßes & Salziges","False","https://img.rewe-static.de/9022193/42458381_digital-image.png"
"Wrigley's Extra Mints Professional Waldfrucht 70 Pastillen","Wrigley's Extra","4009900447249","2.29","70 Stück","Süßes & Salziges","False","https://img.rewe-static.de/0697654/20689031_digital-image.png"
"Wrigley's Extra Refreshers Strawberry Lemon Zuckerfrei 8 Stück","Wrigley's Extra","4009900548861","0.99","8 Stück","Süßes & Salziges","False","https://img.rewe-static.de/9066436/43875037_digital-image.png"
"Fisherman's Friend Rasperry ohne Zucker 25g","Fisherman's Friend","96130780","0.95","25g","Süßes & Salziges","False","https://img.rewe-static.de/2844715/38945210_digital-image.png"
"Lindt Excellence Schokolade Edelbitter vollmundig 78% Cacao 100g","Lindt","4000539102080","3.99","100g (1 kg = 39,90 €)","Süßes & Salziges","False","https://img.rewe-static.de/8109766/29175404_digital-image.png"
"Mentos Kaugummi White Peppermint 100 Stück","Mentos","80896098","3.29","100 Stück","Süßes & Salziges","False","https://img.rewe-static.de/7129961/26994309_digital-image.png"
"Airwaves Strong 12 Dragees","Airwaves","4009900519939","0.99","12 Stück","Süßes & Salziges","False","https://img.rewe-static.de/7057181/27359665_digital-image.png"
"De Beukelaer KEX Farmer Cookies 150g","De Beukelaer","4001518117354","1.89","150g (1 kg = 12,60 €)","Süßes & Salziges","False","https://img.rewe-static.de/9968928/45153198_digital-image.png"
"Milka Schokoriegel Nussini 31,5g","Milka","7622210696878","0.65","31,50g (1 kg = 20,63 €)","Süßes & Salziges","False","https://img.rewe-static.de/3231481/27259616_digital-image.png"
"Center Shock fruchtig sauer 84g","Center Shock","8713600053452","1.89","84g (1 kg = 22,50 €)","Süßes & Salziges","False","https://img.rewe-static.de/2942659/26899392_digital-image.png"
"Fritt Grapefruit 70g","Fritt","4000607000010","0.89","70g (1 kg = 12,71 €)","Süßes & Salziges","False","https://img.rewe-static.de/8510838/33275596_digital-image.png"
"Lindt Schicht Nougat Pralinen 125g","Lindt","4000539301100","8.99","125g (1 kg = 71,92 €)","Süßes & Salziges","False","https://img.rewe-static.de/0531532/1302220_digital-image.png"
"Lindt Vollmilch Stick 40g","Lindt","4000539363306","1.59","40g (1 kg = 39,75 €)","Süßes & Salziges","False","https://img.rewe-static.de/0314268/22552106_digital-image.png"
"No Sugarsugar Schokolade bitter 100g","NA","4260058840652","4.49","100g (1 kg = 44,90 €)","Süßes & Salziges","False","https://img.rewe-static.de/8254767/28779113_digital-image.png"
"Vantastic Foods Choco Drops vegan 125g","Vantastic Foods","4260430657144","2.99","125g","Süßes & Salziges","False","https://img.rewe-static.de/7808912/39529255_digital-image.png"
"Wrigley's Extra Refreshers Tropical Zuckerfrei 8 Stück","Wrigley's Extra","4009900548755","0.99","8 Stück","Süßes & Salziges","False","https://img.rewe-static.de/9071744/43875081_digital-image.png"
"Hubba Bubba Bubble Tape Fancy Fruit 180cm","Hubba Bubba","4009900379564","1.59","56g (1 kg = 28,39 €)","Süßes & Salziges","False","https://img.rewe-static.de/2641020/1579070_digital-image.png"
"Lindt Les Grandes Weiße-Schokoladen Tafel mit Mandeln 150g","Lindt","7610400097369","4.99","150g (1 kg = 33,27 €)","Süßes & Salziges","False","https://img.rewe-static.de/8898366/38442867_digital-image.png"
"Mentos Fanta Orange 3x37,5g","Mentos","8723400795780","1.85","3x37,50g (1 kg = 16,44 €)","Süßes & Salziges","False","https://img.rewe-static.de/8764282/42087339_digital-image.png"
"Mentos Mint 38g","Mentos","87108019","0.69","38g (1 kg = 18,16 €)","Süßes & Salziges","False","https://img.rewe-static.de/5231698/1262890_digital-image.png"
"Ricola Menthol Extra Stark ohne Zucker 75g","Ricola","7610700011089","1.85","75g (1 kg = 24,67 €)","Süßes & Salziges","False","https://img.rewe-static.de/8782037/38990207_digital-image.png"
"Wick Honig 72g","WICK","4030300573436","1.65","72g (1 kg = 22,92 €)","Süßes & Salziges","False","https://img.rewe-static.de/9954689/45853853_digital-image.png"
"Fritt vegan Erdbeer & Himbeer 56g","Fritt","4000607578106","0.89","56g (1 kg = 15,89 €)","Süßes & Salziges","False","https://img.rewe-static.de/7823792/36083712_digital-image.png"
"Niederegger Marzipan Herzen 125g","Niederegger","4000161090106","5.8","125g (1 kg = 46,40 €)","Süßes & Salziges","False","https://img.rewe-static.de/4931564/3438810_digital-image.png"
"Raffaello Kokos-Mandel-Konfekt 40g","Raffaello","4008400180427","0.95","40g (1 kg = 23,75 €)","Süßes & Salziges","False","https://img.rewe-static.de/7825439/7477920_digital-image.png"
"Wrigley's Extra Professional Fresh Erdbeere 10 Dragees","Wrigley's Extra","40099828","0.99","10 Stück","Süßes & Salziges","False","https://img.rewe-static.de/8998197/41239469_digital-image.png"
"Bazar Sonnenblumenkerne Dakota geröstet & gesalzen 300g","NA","4032549041677","2.89","300g (1 kg = 9,63 €)","Süßes & Salziges","False","https://img.rewe-static.de/9083931/44319823_digital-image.png"
"Ferrero Rocher 50g, 4 Stück","Ferrero Rocher","4008400160429","1.75","50g (1 kg = 35 €)","Süßes & Salziges","False","https://img.rewe-static.de/5491100/7478620_digital-image.png"
"Fritt Pfirsich vegan 56g","Fritt","4000607577802","0.89","56g (1 kg = 15,89 €)","Süßes & Salziges","False","https://img.rewe-static.de/8709781/36932419_digital-image.png"
"Lindt Lindor Stick Milch 38g","Lindt","4000539101908","1.59","38g (1 kg = 41,84 €)","Süßes & Salziges","False","https://img.rewe-static.de/2202424/27284520_digital-image.png"
"Werther's Original Salted Caramel Soft Eclair 180g","Werther's Original","4014400932485","1.79","180g (1 kg = 9,94 €)","Süßes & Salziges","False","https://img.rewe-static.de/8753840/35489222_digital-image.png"
"Wrigley's Extra Mints Spearmint ohne Zucker 16 Stück","Wrigley's Extra","42070627","0.79","16 Stück","Süßes & Salziges","False","https://img.rewe-static.de/9986398/44411486_digital-image.png"
"Wrigley's Hubba Bubba Tape Erdbeere 180cm","Hubba Bubba","4009900381352","1.59","180cm (1 m = 0,88 €)","Süßes & Salziges","False","https://img.rewe-static.de/3110028/21092604_digital-image.png"
"Wrigley´s Extra Refrehers Peppermint Zuckerfrei 8 Stück","Wrigley's Extra","4009900548816","0.99","8 Stück","Süßes & Salziges","False","https://img.rewe-static.de/7595624/43875064_digital-image.png"
"Chupa Chups Melody Pop 4-Pack 60g","Chupa Chups","6921211116127","1.99","60g (1 kg = 33,17 €)","Süßes & Salziges","False","https://img.rewe-static.de/8409055/34183467_digital-image.png"
"Kinder Happy Hippo Kakao 20,7g","Kinder","8000500423585","0.49","20,70g (1 kg = 23,67 €)","Süßes & Salziges","False","https://img.rewe-static.de/9031864/42458297_digital-image.png"
"Marabou Schokolade Salzmandel 100g","Marabou","7622201727482","3.99","220g (1 kg = 18,14 €)","Süßes & Salziges","False","https://img.rewe-static.de/9072565/43875585_digital-image.png"
"Mentos Kaugummi Pure Fresh Strong Euca Menthol 70g","Mentos","80947868","2.55","70g (1 kg = 36,43 €)","Süßes & Salziges","False","https://img.rewe-static.de/7841708/38961452_digital-image.png"
"Mimi's Garden Bio Bliss Balls Himbeere & Chia 50g","NA","4260475160012","1.99","50g (1 kg = 39,80 €)","Süßes & Salziges","False","https://img.rewe-static.de/8004644/31812561_digital-image.png"
"Niederegger Schokolade Marzipan Orange Zartbitter 110g","Niederegger","4000161060260","2.8","110g (1 kg = 25,45 €)","Süßes & Salziges","False","https://img.rewe-static.de/7285293/31504635_digital-image.png"
"REWE Beste Wahl Aprikosen 300g","REWE Beste Wahl","4337256855150","4.99","300g (1 kg = 16,63 €)","Süßes & Salziges","False","https://img.rewe-static.de/2234593/24186619_digital-image.png"
"Treets Cornflakes & Peanuts 210g","Treets","4000281311518","2.99","210g","Süßes & Salziges","False","https://img.rewe-static.de/9951085/45463102_digital-image.png"
"Up Fresh Strong Mint 50 Stück","NA","26108711","1.99","50 Stück","Süßes & Salziges","False","https://img.rewe-static.de/9981346/45350247_digital-image.png"
"Up Fresh White 50 Stück","NA","26103815","1.99","50 Stück","Süßes & Salziges","False","https://img.rewe-static.de/9981252/45349706_digital-image.png"
"BIP Gabby's Dollhouse Super Surprise Egg 10g","BIP Holland B.V.","8714786305427","1.39","10g","Süßes & Salziges","False","https://img.rewe-static.de/9002302/41243633_digital-image.png"
"Feiny Biscuits Spritzgebäck Kirsch 450g","NA","9002859039324","2.59","450g (1 kg = 5,76 €)","Süßes & Salziges","False","https://img.rewe-static.de/0530437/29376565_digital-image.png"
"Lindt Fioretto Marzipan-Pralinen Mini 115g","Lindt","4000539104886","5.69","115g (1 kg = 49,48 €)","Süßes & Salziges","False","https://img.rewe-static.de/8323215/30705381_digital-image.png"
"Mitsuba Streetfood Snack Mix Coconut & Peanut Satay 140g","Mitsuba","8711299017250","2.49","140g (1 kg = 17,79 €)","Süßes & Salziges","False","https://img.rewe-static.de/8992596/41680296_digital-image.png"
"Wrigley's Extra Mints Strong Mint ohne Zucker 16 Stück","Wrigley's Extra","42101697","0.79","16 Stück","Süßes & Salziges","False","https://img.rewe-static.de/9986101/44411418_digital-image.png"
"Fritt vegan Apfel Johannisbeere 56g","Fritt","4000607578205","0.89","56g (1 kg = 15,89 €)","Süßes & Salziges","False","https://img.rewe-static.de/8712798/43163951_digital-image.png"
"Hanuta Riegel 1 Stück 34,5g","Hanuta","8000500331774","0.95","34,50g (1 kg = 27,54 €)","Süßes & Salziges","False","https://img.rewe-static.de/8376768/31502960_digital-image.png"
"Tony's Chocolonely dunkle Vollmilchschokolade Brezel-Toffee 90g","Tony’s Chocolonely","8720701145757","2.19","90g (1 kg = 24,33 €)","Süßes & Salziges","False","https://img.rewe-static.de/9954982/47276596_digital-image.png"
"Up Fresh Kaugummi Citrus 50 Stück","NA","26106564","1.99","50 Stück","Süßes & Salziges","False","https://img.rewe-static.de/9980942/45350676_digital-image.png"
"Wrigley's Extra White Bubblemint 10 Stück","Wrigley's Extra","40099354","1.19","10 Stück","Süßes & Salziges","False","https://img.rewe-static.de/8968783/40804752_digital-image.png"
"Clasen Bio Mangostreifen 150g","CLASEN","4250038940342","4.49","150g (1 kg = 29,93 €)","Süßes & Salziges","False","https://img.rewe-static.de/3413060/28624659_digital-image.png"
"Duplo 1 Riegel","Ferrero","40084015","0.55","18,20g (1 kg = 30,22 €)","Süßes & Salziges","False","https://img.rewe-static.de/0584460/7471000_digital-image.png"
"Knabber Esspapier Knabber Cash vegan 20g","NA","4035600927279","1.99","20g (1 kg = 99,50 €)","Süßes & Salziges","False","https://img.rewe-static.de/8827297/41017469_digital-image.png"
"Lindt Fioretto Raffinierte Knusper Nougat-Pralinés 115g","Lindt","4000539104824","5.69","115g (1 kg = 49,48 €)","Süßes & Salziges","False","https://img.rewe-static.de/8323513/29777404_digital-image.png"
"Lindt Les Grandes Schokolade Haselnuss Milch 150g","Lindt","7610400097345","4.99","150g (1 kg = 33,27 €)","Süßes & Salziges","False","https://img.rewe-static.de/8895664/38442813_digital-image.png"
"Lindt Les Grandes Schokolade feinherb mit Haselnüssen 150g","Lindt","7610400097352","4.99","150g (1 kg = 33,27 €)","Süßes & Salziges","False","https://img.rewe-static.de/8896165/38442860_digital-image.png"
"Lindt Schokolade Williams mit Williamsbrand 100g","Lindt","4000539003202","3.69","100g (1 kg = 36,90 €)","Süßes & Salziges","False","https://img.rewe-static.de/3206351/649310_digital-image.png"
"Lindt Spezialitäten Pralinés 125g","Lindt","4000539103964","7.59","125g (1 kg = 60,72 €)","Süßes & Salziges","False","https://img.rewe-static.de/8067045/29835584_digital-image.png"
"Niederegger Nougat Herzen 125g","Niederegger","4000161210214","5.8","125g (1 kg = 46,40 €)","Süßes & Salziges","False","https://img.rewe-static.de/8609088/36026917_digital-image.png"
"Wrigley's Extra Professional White Citrus 10 Dragees","Wrigley's Extra","40099811","1.19","10 Stück","Süßes & Salziges","False","https://img.rewe-static.de/9000787/41239470_digital-image.png"
"Dovgan Waffelröllchen mit Karamell-Cremefüllung 45g","Dovgan","4032549030527","0.69","45g","Süßes & Salziges","False","https://img.rewe-static.de/7845091/43447843_digital-image.png"
"Hanuta 2x22g","Hanuta","8000500273555","0.79","2x44g (1 kg = 17,95 €)","Süßes & Salziges","False","https://img.rewe-static.de/7238935/28182577_digital-image.png"
"Lindt Mini Pralinés Für dich 44g","Lindt","4000539106385","4.49","44g (1 kg = 102,05 €)","Süßes & Salziges","False","https://img.rewe-static.de/8379596/32237179_digital-image.png"
"Lindt Nuss Deluxe Riegel Haselnuss 35g","Lindt","8003340808758","1.59","35g (1 kg = 45,43 €)","Süßes & Salziges","False","https://img.rewe-static.de/9990179/45399716_digital-image.png"
"Lindt Nuss Deluxe Riegel Haselnuss in Nusscreme 35g","Lindt","8003340808765","1.59","35g (1 kg = 45,43 €)","Süßes & Salziges","False","https://img.rewe-static.de/9990185/46046917_digital-image.png"
"Mars Schokoriegel 51g","Mars","5900951311321","0.99","51g","Süßes & Salziges","False","https://img.rewe-static.de/7603046/43129669_digital-image.png"
"Monster Wunderball Kaugummi 60g","NA","5011061192523","0.99","60g (1 kg = 16,50 €)","Süßes & Salziges","False","https://img.rewe-static.de/7709545/42486545_digital-image.png"
"Feiny Biscuits Spritzgebäck Kakao 450g","NA","9002859039300","2.59","450g (1 kg = 5,76 €)","Süßes & Salziges","False","https://img.rewe-static.de/0530446/29376568_digital-image.png"
"Ferrero Küsschen 44g","Ferrero","4008400151724","1.55","44g (1 kg = 35,23 €)","Süßes & Salziges","False","https://img.rewe-static.de/4110277/5859130_digital-image.png"
"Lindt Lindor Schokokugeln Cheesecake 137g","Lindt","4000539142987","6.29","137g (1 kg = 45,91 €)","Süßes & Salziges","False","https://img.rewe-static.de/7618127/42405719_digital-image.png"
"Niederegger Lübeck Praline Tafel Typ Himbeer Panna Cotta 100g","Niederegger","4000161020639","2.6","100g (1 kg = 26 €)","Süßes & Salziges","False","https://img.rewe-static.de/7055319/43597803_digital-image.png"
"Niederegger Marzipan Espresso 50g","Niederegger","4000161110088","1.95","50g (1 kg = 39 €)","Süßes & Salziges","False","https://img.rewe-static.de/2169647/35426616_digital-image.png"
"Niederegger Marzipanriegel Pistazie 50g","Niederegger","4000161110095","1.95","50g (1 kg = 39 €)","Süßes & Salziges","False","https://img.rewe-static.de/1926850/43445898_digital-image.png"
"Nordthy Süß & Salzig 500g","NA","5711070506969","4.79","500g (1 kg = 9,58 €)","Süßes & Salziges","False","https://img.rewe-static.de/7129725/29346621_digital-image.png"
"Alpia Salted Caramel Crunches 140g","Alpia","4001743761384","2.25","140g","Süßes & Salziges","False","https://img.rewe-static.de/9989437/44353976_digital-image.png"
"Clasen Bio Salatkerne Mix 200g","CLASEN","4250038940427","4.49","200g (1 kg = 22,45 €)","Süßes & Salziges","False","https://img.rewe-static.de/2412044/24999606_digital-image.png"
"Fritt Blaubeere vegan 56g","Fritt","4000607578007","0.89","56g (1 kg = 15,89 €)","Süßes & Salziges","False","https://img.rewe-static.de/7824288/39782348_digital-image.png"
"Fritt Wassermelone & Cranberry vegan 56g","Fritt","4000607855108","0.89","56g (1 kg = 15,89 €)","Süßes & Salziges","False","https://img.rewe-static.de/9096613/45248040_digital-image.png"
"Kambly Butterfly 100g","Kambly","7614800171001","2.99","100g (1 kg = 29,90 €)","Süßes & Salziges","False","https://img.rewe-static.de/3270194/29271349_digital-image.png"
"Lindt Séléction Feiner Pralinés 80g","Lindt","4000539322402","6.49","80g (1 kg = 81,13 €)","Süßes & Salziges","False","https://img.rewe-static.de/2003213/23071465_digital-image.png"
"Mentos Pure Fresh Bubble Cool 20g, 10 Stück","Mentos","80911104","1.09","20g (1 kg = 54,50 €)","Süßes & Salziges","False","https://img.rewe-static.de/7202304/31504350_digital-image.png"
"Niederegger Marzipan Klassiker-Variationen 200g","Niederegger","4000161110170","7.9","200g (1 kg = 39,50 €)","Süßes & Salziges","False","https://img.rewe-static.de/4931858/26287682_digital-image.png"
"Niederegger Pure Chocolate 100g","Niederegger","4000161170624","2.6","100g (1 kg = 26 €)","Süßes & Salziges","False","https://img.rewe-static.de/8000555/41788063_digital-image.png"
"Niederegger Schokolade Kakao Marzipan innere Kraft 110g","Niederegger","4000161060154","2.8","110g (1 kg = 25,45 €)","Süßes & Salziges","False","https://img.rewe-static.de/8070455/43597580_digital-image.png"
"Nordthy Pub Mix 450g","NA","5711070506976","4.79","450g (1 kg = 10,64 €)","Süßes & Salziges","False","https://img.rewe-static.de/7130226/33605528_digital-image.png"
"Vantastic Foods Bio Schakalode White Crisp vegan 90g","Vantastic Foods","4260661091038","2.99","90g (1 kg = 33,22 €)","Süßes & Salziges","False","https://img.rewe-static.de/8871134/39529248_digital-image.png"
"Veganz Bio Wafer Choc Bar Dark vegan 30g","Veganz","4251725801441","1.49","30g (1 kg = 49,67 €)","Süßes & Salziges","False","https://img.rewe-static.de/8704806/36291852_digital-image.png"
"Bazar Sonnenblumenkerne Dakota geröstet & ungesalzen 300g","NA","4032549041691","2.59","300g","Süßes & Salziges","False","https://img.rewe-static.de/9085938/44578412_digital-image.png"
"Bazar Sonnenblumenkerne geröstet & gesalzen 300g","NA","4032549041714","3.29","300g","Süßes & Salziges","False","https://img.rewe-static.de/7584041/44575771_digital-image.png"
"Duplo Riege White 18,2g","Ferrero","42276630","0.55","18,20g (1 kg = 30,22 €)","Süßes & Salziges","False","https://img.rewe-static.de/2467724/31502347_digital-image.png"
"Feiny Biscuits Jaffa Sandwich Erdbeere 380g","NA","9002859110153","2.69","380g (1 kg = 7,08 €)","Süßes & Salziges","False","https://img.rewe-static.de/3679040/34098712_digital-image.png"
"Kuhbonbon Salted Caramel vegan 165g","Kuhbonbon","4028452262193","2.99","165g","Süßes & Salziges","False","https://img.rewe-static.de/8830790/36579130_digital-image.png"
"Lewandowski Waffelriegel Salzkaramell 45g","Lewandowski","4032549044036","0.79","45g","Süßes & Salziges","False","https://img.rewe-static.de/9085495/44141456_digital-image.png"
"Niederegger Lubeck Marzipan Brot Rum Traube 125g","Niederegger","4000161050230","3.8","125g (1 kg = 30,40 €)","Süßes & Salziges","False","https://img.rewe-static.de/8966682/43903766_digital-image.png"
"Niederegger Marzipan Klassiker 200g","Niederegger","4000161100171","7.9","200g (1 kg = 39,50 €)","Süßes & Salziges","False","https://img.rewe-static.de/4931734/7465770_digital-image.png"
"Niederegger Marzipan Klassiker-Variationen 300g","Niederegger","4000161100379","11.9","300g (1 kg = 39,67 €)","Süßes & Salziges","False","https://img.rewe-static.de/3645290/27287119_digital-image.png"
"Niederegger Minis Marzipan Vielfalt 112g","Niederegger","4000161160366","5.5","112g","Süßes & Salziges","False","https://img.rewe-static.de/7576624/44577368_digital-image.png"
"Niederegger Männersache Apple Bourbon 110g","Niederegger","4000161060178","2.8","110g (1 kg = 25,45 €)","Süßes & Salziges","False","https://img.rewe-static.de/7283278/35672961_digital-image.png"
"Niederegger Nougat Sahne 50g","Niederegger","4000161210344","1.95","50g (1 kg = 39 €)","Süßes & Salziges","False","https://img.rewe-static.de/7797367/36715662_digital-image.png"
"Snackline Laugenstangen Sesam 150g","Snackline","9002859111211","2.19","150g (1 kg = 14,60 €)","Süßes & Salziges","False","https://img.rewe-static.de/3685699/32470402_digital-image.png"
"Woogie Bonbons Fine Drops mit Zitronengeschmack 200g","Woogie","9002859055591","1.69","200g","Süßes & Salziges","False","https://img.rewe-static.de/1106568/44414227_digital-image.png"
"Amica Bi-Bip Snack 100g","Amica","8008714000523","1.79","100g (1 kg = 17,90 €)","Süßes & Salziges","False","https://img.rewe-static.de/2311975/24942228_digital-image.png"
"Busch Bunte Tropfen Schaumgebäck 100g","Busch","4007384000462","1.79","100g (1 kg = 17,90 €)","Süßes & Salziges","False","https://img.rewe-static.de/2407124/30628018_digital-image.png"
"Busch Feines Schaumgebäck Tropfen Amaretto 100g","Busch","4007384001339","1.79","100g (1 kg = 17,90 €)","Süßes & Salziges","False","https://img.rewe-static.de/0935006/25529605_digital-image.png"
"Busch Feines Schaumgebäck Tropfen Schoko 100g","Busch","4007384000097","1.79","100g (1 kg = 17,90 €)","Süßes & Salziges","False","https://img.rewe-static.de/8011370/46344794_digital-image.png"
"Fine Biscuits Soft Buscuits Sahnecreme und Aprikose 380g","NA","9002859067907","2.69","380g (1 kg = 7,08 €)","Süßes & Salziges","False","https://img.rewe-static.de/1906122/29814912_digital-image.png"
"Kambly Butterfly au Chocolat 100g","NA","7614800150808","2.99","100g (1 kg = 29,90 €)","Süßes & Salziges","False","https://img.rewe-static.de/7914556/33893644_digital-image.png"
"Marziale Spritzgebäck Petite Fleur 200g","Marziale Coolinaria GmbH","4058898202323","4.49","200g (1 kg = 22,45 €)","Süßes & Salziges","False","https://img.rewe-static.de/8848329/40657970_digital-image.png"
"Mentos Kaubonbon Fanta 37,5g","Mentos","87354317","0.69","37,50g (1 kg = 18,40 €)","Süßes & Salziges","False","https://img.rewe-static.de/7783543/41515755_digital-image.png"
"NRJ Erdnüsse in Sesam 150g","NA","4251032606951","2.49","150g (1 kg = 16,60 €)","Süßes & Salziges","False","https://img.rewe-static.de/3374948/32991753_digital-image.png"
"Niederegger Happy Birthday Marzipan mit Zartbitter-Schokolade 185g","Niederegger","4000161470625","7.8","185g (1 kg = 42,16 €)","Süßes & Salziges","False","https://img.rewe-static.de/8434068/34579735_digital-image.png"
"Niederegger Marzipan Klassiker 200g","Niederegger","4000161110200","7.9","200g (1 kg = 39,50 €)","Süßes & Salziges","False","https://img.rewe-static.de/8609884/34096603_digital-image.png"
"Niederegger Praliné Mousse au Chocolat 100g","Niederegger","4000161020523","3.95","100g","Süßes & Salziges","False","https://img.rewe-static.de/7575808/45540390_digital-image.png"
"Niederegger Selektion Happy Birthday Burger 100g","Niederegger","4000161200185","3.95","100g","Süßes & Salziges","False","https://img.rewe-static.de/8751053/45535663_digital-image.png"
"Niederegger Walnuss auf Marzipan 102g","Niederegger","4000161130147","5.8","102g (1 kg = 56,86 €)","Süßes & Salziges","False","https://img.rewe-static.de/0370675/20925828_digital-image.png"
"Piacelli La Palma 225g","NA","9002859042966","1.99","225g (1 kg = 8,84 €)","Süßes & Salziges","False","https://img.rewe-static.de/0886916/28352914_digital-image.png"
"Steinbeck 2 Mini-Schokolade Herzlichen Glückwunsch 36g","Steinbeck","4054219902507","2.99","36g","Süßes & Salziges","False","https://img.rewe-static.de/3074697/44491952_digital-image.png"
"Steinbeck Gute Laune Schokolade 36g","Steinbeck","4054219902477","2.99","36g (1 kg = 83,06 €)","Süßes & Salziges","False","https://img.rewe-static.de/3074688/41504310_digital-image.png"
"Steinbeck Nervennahrung Fruchtgummi 100g","Steinbeck","4054219202546","3.49","100g","Süßes & Salziges","False","https://img.rewe-static.de/8948431/44293964_digital-image.png"
"Steinbeck Papa du bist der Beste 100g","Steinbeck","4250316810763","3.79","100g (1 kg = 37,90 €)","Süßes & Salziges","False","https://img.rewe-static.de/2279830/36962315_digital-image.png"
"Steinbeck Schokolade Happy Birthday 30g","Steinbeck","4054219107513","1.99","30g (1 kg = 66,33 €)","Süßes & Salziges","False","https://img.rewe-static.de/8907375/44021998_digital-image.png"
"Steinbeck Schokolade Ich hab dich 100g","Steinbeck","4054219104796","3.79","100g (1 kg = 37,90 €)","Süßes & Salziges","False","https://img.rewe-static.de/7740150/44021312_digital-image.png"
"Bazar Sonnenblumenkerne Cheese geröstet & gewürzt 150g","NA","4032549042926","1.79","150g","Süßes & Salziges","False","https://img.rewe-static.de/7588625/44414852_digital-image.png"
"Bazar Sonnenblumenkerne Zwiebel und Sahne geröstet & gewürzt 150g","NA","4032549042902","1.79","150g","Süßes & Salziges","False","https://img.rewe-static.de/9083323/44575417_digital-image.png"
"Clasen Bio Gojibeeren 100g","CLASEN","4250038940397","3.49","100g (1 kg = 34,90 €)","Süßes & Salziges","False","https://img.rewe-static.de/2460194/33309304_digital-image.png"
"Clasen Bio Kokoschips 100g","CLASEN","4250038940632","2.49","100g (1 kg = 24,90 €)","Süßes & Salziges","False","https://img.rewe-static.de/3413058/32249346_digital-image.png"
"Feiny Biscuits Spritzgebäck Classic 450g","NA","9002859039287","2.59","450g (1 kg = 5,76 €)","Süßes & Salziges","False","https://img.rewe-static.de/0530435/40176740_digital-image.png"
"Fine Biscuits Sahnecreme und Heidelbeere 380g","NA","9002859088490","2.69","380g (1 kg = 7,08 €)","Süßes & Salziges","False","https://img.rewe-static.de/2496296/29814915_digital-image.png"
"Hachez Schokolade Edel-Vollmilch 100g","Hachez","4008155020207","3.59","100g (1 kg = 35,90 €)","Süßes & Salziges","False","https://img.rewe-static.de/7187823/23797272_digital-image.png"
"Jahnke Schoko-Salmiak Lolli 175g","Jahnke","4000211035279","2.49","175g (1 kg = 14,23 €)","Süßes & Salziges","False","https://img.rewe-static.de/0269811/6923670_digital-image.png"
"Kambly Bretzeli au Chocolat 100g","Kambly","7614800148003","2.99","100g (1 kg = 29,90 €)","Süßes & Salziges","False","https://img.rewe-static.de/8930845/39751882_digital-image.png"
"Lindt Excellence Schokolade Chili feinherb 100g","Lindt","7610400097185","2.99","100g (1 kg = 29,90 €)","Süßes & Salziges","False","https://img.rewe-static.de/7704743/38442777_digital-image.png"
"Lindt Lindor Schokokugeln Kissen Milch 325g","Lindt","4000539097805","16.49","325g (1 kg = 50,74 €)","Süßes & Salziges","False","https://img.rewe-static.de/2100889/22065178_digital-image.png"
"Lindt Mini Pralinés Alles Gute! 80g","Lindt","4000539113345","12.99","180g (1 kg = 72,17 €)","Süßes & Salziges","False","https://img.rewe-static.de/8699694/35497929_digital-image.png"
"Lindt Nuxor Mischung Kissenpackung 206g","Lindt","4000539144226","11.99","206g (1 kg = 58,20 €)","Süßes & Salziges","False","https://img.rewe-static.de/9102156/45716421_digital-image.png"
"Marabou Daim Schokolade 67g","Marabou","7622300223120","1.99","67g (1 kg = 29,70 €)","Süßes & Salziges","False","https://img.rewe-static.de/0933057/28848161_digital-image.png"
"Marabou Mintkrokant 220g","Marabou","7622201727666","3.99","220g (1 kg = 18,14 €)","Süßes & Salziges","False","https://img.rewe-static.de/7588686/43929557_digital-image.png"
"Marziale Mürbeteig Variation 200g","NA","4058898202217","5.19","200g (1 kg = 25,95 €)","Süßes & Salziges","False","https://img.rewe-static.de/7941431/33900347_digital-image.png"
"Mr. Squeezy Pop Lollipop & Gel Candy Strawberry 56g","NA","4004641021017","1.99","56g (1 kg = 35,54 €)","Süßes & Salziges","False","https://img.rewe-static.de/7901948/33517725_digital-image.png"
"NRJ Mandelkerne in Sesam 150g","NA","4251032607019","3.99","150g (1 kg = 26,60 €)","Süßes & Salziges","False","https://img.rewe-static.de/3374944/33003388_digital-image.png"
"Nestlé Choclait Chips Coco Choco 115g","Nestle","8445290982452","3.49","115g (1 kg = 30,35 €)","Süßes & Salziges","False","https://img.rewe-static.de/7609354/43314199_digital-image.png"
"Niederegger Heldentaler Marzipan mit Zartbitter-Schokolade 185g","Niederegger","4000161470601","7.8","185g (1 kg = 42,16 €)","Süßes & Salziges","False","https://img.rewe-static.de/7234444/29337949_digital-image.png"
"Niederegger Lakritz in Zartbitter-Schokolade 100g","Niederegger","4000161170358","3.95","100g","Süßes & Salziges","False","https://img.rewe-static.de/9202230/45899630_digital-image.png"
"Niederegger Lübeck Marzipan Tafel Ingwer 110g","Niederegger","4000161060161","2.8","122g (1 kg = 22,95 €)","Süßes & Salziges","False","https://img.rewe-static.de/7282574/43931512_digital-image.png"
"Niederegger Lübeck Nougat Sahne Pralinen 100g","Niederegger","4000161210320","3.95","100g (1 kg = 39,50 €)","Süßes & Salziges","False","https://img.rewe-static.de/8753066/43597507_digital-image.png"
"Niederegger Marzipan Herzen in Geschenkdose 75g","Niederegger","4000161090205","4.6","75g (1 kg = 61,33 €)","Süßes & Salziges","False","https://img.rewe-static.de/6081835/3703520_digital-image.png"
"Niederegger Marzipan Herzen mit Schleife & Karte 62,5g","Niederegger","4000161090021","3.8","62,50g (1 kg = 60,80 €)","Süßes & Salziges","False","https://img.rewe-static.de/3645274/22081908_digital-image.png"
"Niederegger Marzipan Klassiker mit Vollmilch-Schokolade 100g","Niederegger","4000161140153","3.95","100g (1 kg = 39,50 €)","Süßes & Salziges","False","https://img.rewe-static.de/4932102/24426770_digital-image.png"
"Niederegger Marzipan Rumkugeln 150g","Niederegger","4000161400516","4.8","150g (1 kg = 32 €)","Süßes & Salziges","False","https://img.rewe-static.de/2179080/32403564_digital-image.png"
"Niederegger Marzipan Vollmilch-Brot 125g","Niederegger","4000161050278","3.8","125g (1 kg = 30,40 €)","Süßes & Salziges","False","https://img.rewe-static.de/6673228/41582064_digital-image.png"
"Niederegger Marzipan-Kartoffeln 150g","Niederegger","4000161400219","4.8","150g (1 kg = 32 €)","Süßes & Salziges","False","https://img.rewe-static.de/1348588/22827535_digital-image.png"
"Niederegger Marzipan-Torte in Moin Moin Dose 185g","Niederegger","4000161470946","7.8","185g","Süßes & Salziges","False","https://img.rewe-static.de/9048569/45718004_digital-image.png"
"Niederegger Marzipan-Weißbrot 125g","Niederegger","4000161030300","3.8","125g (1 kg = 30,40 €)","Süßes & Salziges","False","https://img.rewe-static.de/4931238/22827338_digital-image.png"
"Niederegger Marzipanerie 206g","Niederegger","4000161360155","9.8","206g (1 kg = 47,57 €)","Süßes & Salziges","False","https://img.rewe-static.de/9055980/40934327_digital-image.png"
"Niederegger Minis Pralinen Vielfalt 120g","Niederegger","4000161040804","5.5","120g","Süßes & Salziges","False","https://img.rewe-static.de/9202920/44575254_digital-image.png"
"Niederegger Nougaterie 200g","Niederegger","4000161210658","7.9","200g (1 kg = 39,50 €)","Süßes & Salziges","False","https://img.rewe-static.de/7796241/40570256_digital-image.png"
"Niederegger Pralinen Selektion Happy Birthday 100g","Niederegger","4000161200222","3.95","100g","Süßes & Salziges","False","https://img.rewe-static.de/8752355/44095559_digital-image.png"
"Niederegger Pralinen Tafel Mint Chocolate 100g","Niederegger","4000161170341","3.95","100g","Süßes & Salziges","False","https://img.rewe-static.de/7575529/44491260_digital-image.png"
"Niederegger Pralinen Tafel Toffee Salted 100g","Niederegger","4000161020806","2.6","100g","Süßes & Salziges","False","https://img.rewe-static.de/9100017/44490569_digital-image.png"
"Niederegger Praliné Eierlikör Creme 50g","Niederegger","4000161020295","1.95","50g","Süßes & Salziges","False","https://img.rewe-static.de/7577007/44243063_digital-image.png"
"Niederegger Schokolade Mousse Au Chocolat 100g","Niederegger","4000161020691","2.6","100g (1 kg = 26 €)","Süßes & Salziges","False","https://img.rewe-static.de/8974541/43905761_digital-image.png"
"Niederegger Schokolade Nuss Nougat Vollmilch 100g","Niederegger","4000161060925","2.6","100g (1 kg = 26 €)","Süßes & Salziges","False","https://img.rewe-static.de/7889881/43760596_digital-image.png"
"Niederegger Schokoriegel Männersache Nougat Espresso Shot 50g","Niederegger","4000161210351","1.95","50g (1 kg = 39 €)","Süßes & Salziges","False","https://img.rewe-static.de/7796472/43891570_digital-image.png"
"Niederegger Toffee Crunch Riegel 50g","Niederegger","4000161170846","1.95","50g","Süßes & Salziges","False","https://img.rewe-static.de/9099431/44490701_digital-image.png"
"Niederegger with Love Herzen 125g","Niederegger","4000161200925","6.3","125g","Süßes & Salziges","False","https://img.rewe-static.de/7595340/43597109_digital-image.png"
"Nordthy Lakridskugler med Chokolade 300g","NA","5711070604726","5.99","300g (1 kg = 19,97 €)","Süßes & Salziges","False","https://img.rewe-static.de/7917319/36565710_digital-image.png"
"Piacelli la Rosa 225g","NA","9002859042942","1.99","225g (1 kg = 8,84 €)","Süßes & Salziges","False","https://img.rewe-static.de/0886919/28282874_digital-image.png"
"Poensgen Schokokekse glutenfrei 150g","Poensgen","4250208802418","3.49","150g","Süßes & Salziges","False","https://img.rewe-static.de/7967305/45712690_digital-image.png"
"Popz Mikrowellen Popcorn Sweet 3x90g","Popz","5706516031525","2.59","270g (1 kg = 9,59 €)","Süßes & Salziges","False","https://img.rewe-static.de/2604206/25005982_digital-image.png"
"Popz Salted Mikrowellen-Popcorn 270g","Popz","5706516031501","2.59","270g (1 kg = 9,59 €)","Süßes & Salziges","False","https://img.rewe-static.de/2604204/25005984_digital-image.png"
"Pulmoll Hustenbonbons Forte mit Sole 75g","Pulmoll","4002590706757","1.39","75g (1 kg = 18,53 €)","Süßes & Salziges","False","https://img.rewe-static.de/7076829/28411876_digital-image.png"
"Pulmoll Hustenbonbons extra stark 50g","Pulmoll","4002590140933","1.39","50g (1 kg = 27,80 €)","Süßes & Salziges","False","https://img.rewe-static.de/0678086/6856370_digital-image.png"
"REWE Beste Wahl Haselnussröllchen 400g","REWE Beste Wahl","4337256846011","2.19","400g (1 kg = 5,48 €)","Süßes & Salziges","False","https://img.rewe-static.de/9103009/44475102_digital-image.png"
"Steinbeck Dankeschön Bär Schokolade 30g","Steinbeck","4054219107537","1.99","30g (1 kg = 66,33 €)","Süßes & Salziges","False","https://img.rewe-static.de/8906876/43846264_digital-image.png"
"Steinbeck Fruchtgummi Geburtstag 100g","Steinbeck","4250316819766","3.49","100g","Süßes & Salziges","False","https://img.rewe-static.de/2280065/44022531_digital-image.png"
"Steinbeck Schokolade Einfach nur so 36g","Steinbeck","4054219902156","2.99","36g","Süßes & Salziges","False","https://img.rewe-static.de/3073848/44021945_digital-image.png"
"Veganz Fruchtgummi Fruity Peach vegan 100g","Veganz","4260402484549","1.29","100g (1 kg = 12,90 €)","Süßes & Salziges","False","https://img.rewe-static.de/7133802/27446035_digital-image.png"
"Woogie Bonbons Fine Drops mit Apfelgeschmack 200g","Woogie","9002859090516","1.69","200g","Süßes & Salziges","False","https://img.rewe-static.de/2833696/44578136_digital-image.png"
"Woogie Bonbons Fine Drops mit Kaffeegeschmack 200g","Woogie","9002859066047","1.69","200g","Süßes & Salziges","False","https://img.rewe-static.de/1448829/44440104_digital-image.png"
"Woogie Bonbons Fine Drops mit Minzgeschmack 175g","Woogie","9002859064104","1.69","175g","Süßes & Salziges","False","https://img.rewe-static.de/1421848/44491227_digital-image.png"
"Busch Feines Schaumgebäck Tropfen Mocca 100g","Busch","4007384000127","1.79","100g (1 kg = 17,90 €)","Süßes & Salziges","False","https://img.rewe-static.de/2284189/46341677_digital-image.png"
"Niederegger Pralinen Tafel Lemon Cheesecake 100g","Niederegger","4000161040101","3.95","100g (1 kg = 39,50 €)","Süßes & Salziges","False","https://img.rewe-static.de/2362341/44577784_digital-image.png"
"Niederegger Pralinenmischung Liebe 100g","Niederegger","4000161200291","3.95","100g","Süßes & Salziges","False","https://img.rewe-static.de/8750957/44415364_digital-image.png"
"Steinbeck Schokolade Bester Bruder Der Welt 100g","Steinbeck","4250316811807","3.79","100g (1 kg = 37,90 €)","Süßes & Salziges","False","https://img.rewe-static.de/2279836/44019615_digital-image.png"
"Steinbeck Schokolade Gute Besserung 100g","Steinbeck","4054219101993","3.79","100g (1 kg = 37,90 €)","Süßes & Salziges","False","https://img.rewe-static.de/2279791/44016413_digital-image.png"
"Steinbeck Schokolade Happy Birthday 100g","Steinbeck","4054219103348","3.79","100g (1 kg = 37,90 €)","Süßes & Salziges","False","https://img.rewe-static.de/3184257/44021813_digital-image.png"
"Woogie BonBons Fine Drops mit Orangengeschmack 200g","Woogie","9002859090530","1.69","200g","Süßes & Salziges","False","https://img.rewe-static.de/2833701/44440120_digital-image.png"
"ja! Soft-Datteln 250g","ja!","4337256850667","2.39","250g (1 kg = 9,56 €)","Süßes & Salziges","False","https://img.rewe-static.de/3151969/26607083_digital-image.png"
"ja! Mini-Brezeln 250g","ja!","4337256772785","0.99","250g (1 kg = 3,96 €)","Süßes & Salziges","False","https://img.rewe-static.de/0165932/31044419_digital-image.png"
"ja! Creamy Cookies 176g","ja!","4337256791052","0.99","154g (1 kg = 6,43 €)","Süßes & Salziges","False","https://img.rewe-static.de/8897284/39251842_digital-image.png"
"ja! Walnüsse ganze Kerne 200g","ja!","4337256427197","2.99","200g (1 kg = 14,95 €)","Süßes & Salziges","False","https://img.rewe-static.de/1008842/7835360_digital-image.png"
"ja! Vollmilch Schokokeks 125g","ja!","4337256609524","1.59","125g (1 kg = 12,72 €)","Süßes & Salziges","False","https://img.rewe-static.de/8912235/40251450_digital-image.png"
"ja! Bacon Mais-Reis-Snack Schinkengeschmack 125g","ja!","4337256841542","1.09","125g (1 kg = 8,72 €)","Süßes & Salziges","False","https://img.rewe-static.de/0130082/24394829_digital-image.png"
"ja! Mini Brotchips Knoblauch 250g","ja!","4337256673075","1.79","250g (1 kg = 7,16 €)","Süßes & Salziges","False","https://img.rewe-static.de/7659604/41081839_digital-image.png"
"ja! Schokoküsse 12 Stück, 300g","ja!","4337256534185","1.99","300g (1 kg = 6,63 €)","Süßes & Salziges","False","https://img.rewe-static.de/2661883/25120750_digital-image.png"
"ja! Erdnüsse geröstet & gesalzen 500g","ja!","4337256746892","2.29","500g (1 kg = 4,58 €)","Süßes & Salziges","False","https://img.rewe-static.de/9030538/42425713_digital-image.png"
"ja! Tortilla Chips mit Salz 300g","ja!","4337256256551","1.59","300g (1 kg = 5,30 €)","Süßes & Salziges","False","https://img.rewe-static.de/3043322/26033773_digital-image.png"
"ja! Edel-Vollmilch-Schokolade Caramel Choc 200g","ja!","4337256465106","1.79","200g (1 kg = 8,95 €)","Süßes & Salziges","False","https://img.rewe-static.de/8770661/36787228_digital-image.png"
"ja! Waffelriegel 5x34,5g","ja!","4337256278706","2.29","5x34,50g (1 kg = 13,28 €)","Süßes & Salziges","False","https://img.rewe-static.de/7856940/33726846_digital-image.png"
"ja! Ganze Mandel Edel-Vollmilch Schokolade","ja!","4337256517485","0.99","100g (1 kg = 9,90 €)","Süßes & Salziges","False","https://img.rewe-static.de/8834608/37604044_digital-image.png"
"ja! Hot Salsa Dip 300ml","ja!","4337256164542","1.39","300ml (1 l = 4,63 €)","Süßes & Salziges","False","https://img.rewe-static.de/8552840/32470839_digital-image.png"
"ja! Cashewkerne geröstet & gesalzen 150g","ja!","4337256548083","2.19","150g (1 kg = 14,60 €)","Süßes & Salziges","False","https://img.rewe-static.de/2169511/26193471_digital-image.png"
"ja! Erdnüsse geröstet & gesalzen 200g","ja!","4337256175814","1.29","200g (1 kg = 6,45 €)","Süßes & Salziges","False","https://img.rewe-static.de/2310347/26084292_digital-image.png"
"ja! Popcorn karamellisiert 200g","ja!","4337256695084","1.29","200g (1 kg = 6,45 €)","Süßes & Salziges","False","https://img.rewe-static.de/8023655/31042533_digital-image.png"
"ja! Tortilla Chips Paprika 300g","ja!","4337256387453","1.59","300g (1 kg = 5,30 €)","Süßes & Salziges","False","https://img.rewe-static.de/8687753/35114032_digital-image.png"
"ja! Paprika Chips 200g","ja!","4337256463911","1.09","200g (1 kg = 5,45 €)","Süßes & Salziges","False","https://img.rewe-static.de/6953115/24324363_digital-image.png"
"ja! Alpenvollmilch-Schokolade 100g","ja!","4337256613460","0.69","100g (1 kg = 6,90 €)","Süßes & Salziges","False","https://img.rewe-static.de/6790143/2480960_digital-image.png"
"ja! Pistazien geröstet & gesalzen 250g","ja!","4337256600507","3.89","250g (1 kg = 15,56 €)","Süßes & Salziges","False","https://img.rewe-static.de/3182684/26459463_digital-image.png"
"ja! Cookies American Style Chocolate Chip 225g","ja!","4337256295260","1.39","225g (1 kg = 6,18 €)","Süßes & Salziges","False","https://img.rewe-static.de/8493667/32330552_digital-image.png"
"ja! Stapelchips Paprika 175g","ja!","4337256742375","1.69","175g (1 kg = 9,66 €)","Süßes & Salziges","False","https://img.rewe-static.de/6475973/24321170_digital-image.png"
"ja! Weiße Schokolade 100g","ja!","4337256008051","0.79","100g (1 kg = 7,90 €)","Süßes & Salziges","False","https://img.rewe-static.de/0547663/2512920_digital-image.png"
"ja! Butterspritzgebäck 400g","ja!","22445438","2.59","400g (1 kg = 6,48 €)","Süßes & Salziges","False","https://img.rewe-static.de/8990127/41080401_digital-image.png"
"ja! Neapolitaner Waffeln 4x65g","ja!","4337256746908","1.59","4x65g (1 kg = 6,12 €)","Süßes & Salziges","False","https://img.rewe-static.de/9112460/41866057_digital-image.png"
"ja! Milch Schoko & Keks Sticks 90g","ja!","4337256485135","1.49","90g (1 kg = 16,56 €)","Süßes & Salziges","False","https://img.rewe-static.de/7774531/37501169_digital-image.png"
"ja! Biscuits 172g","ja!","4337256617871","1.49","172g (1 kg = 8,66 €)","Süßes & Salziges","False","https://img.rewe-static.de/7693369/39629762_digital-image.png"
"ja! Cuorino 225g","ja!","4337256317030","1.99","225g (1 kg = 8,84 €)","Süßes & Salziges","False","https://img.rewe-static.de/8645285/34953685_digital-image.png"
"ja! Cookies American Style Double Chocolate 225g","ja!","4337256298292","1.39","225g (1 kg = 6,18 €)","Süßes & Salziges","False","https://img.rewe-static.de/7939890/32330751_digital-image.png"
"ja! Paprika Riffelchips 200g","ja!","4337256751568","1.49","200g (1 kg = 7,45 €)","Süßes & Salziges","False","https://img.rewe-static.de/8687364/35547712_digital-image.png"
"ja! Erdnüsse in der Schale 400g","ja!","4337256643573","2.29","400g (1 kg = 5,73 €)","Süßes & Salziges","False","https://img.rewe-static.de/7677614/40748195_digital-image.png"
"ja! Pistazienkerne geröstet & ungesalzen vegan 100g","ja!","4337256700405","3.99","100g (1 kg = 39,90 €)","Süßes & Salziges","False","https://img.rewe-static.de/8995446/41655808_digital-image.png"
"ja! Alpenvollmilch Schokolade Traube Nuss 100g","ja!","4337256474450","0.79","100g (1 kg = 7,90 €)","Süßes & Salziges","False","https://img.rewe-static.de/7938726/32493712_digital-image.png"
"ja! Kaugummi white Minze zuckerfrei 50 Stück","ja!","4337256295642","1.55","50 Stück","Süßes & Salziges","False","https://img.rewe-static.de/8059113/30591612_digital-image.png"
"ja! Cashew-Erdnuss-Mix Honig & Salz 200g","ja!","4337256169592","2.49","200g (1 kg = 12,45 €)","Süßes & Salziges","False","https://img.rewe-static.de/2311667/26401173_digital-image.png"
"ja! Haselnusskerne ganz 200g","ja!","4337256435673","2.99","200g (1 kg = 14,95 €)","Süßes & Salziges","False","https://img.rewe-static.de/1008581/7835060_digital-image.png"
"ja! Brotchips Tomate-Olive 250g","ja!","4337256674478","1.79","250g (1 kg = 7,16 €)","Süßes & Salziges","False","https://img.rewe-static.de/8963612/40979376_digital-image.png"
"ja! Original Stapelchips 175g","ja!","4337256737531","1.69","175g","Süßes & Salziges","False","https://img.rewe-static.de/7627894/41711909_digital-image.png"
"ja! Zartbitter Schokokeks 125g","ja!","4337256607605","1.59","125g (1 kg = 12,72 €)","Süßes & Salziges","False","https://img.rewe-static.de/7695822/39922947_digital-image.png"
"ja! Gelee Bananen 250g","ja!","4337256268202","1.49","250g (1 kg = 5,96 €)","Süßes & Salziges","False","https://img.rewe-static.de/8599735/33807680_digital-image.png"
"ja! Schoko & Keks Sticks 90g","ja!","4337256705875","1.49","90g (1 kg = 16,56 €)","Süßes & Salziges","False","https://img.rewe-static.de/8992743/41275230_digital-image.png"
"ja! Hafergebäck 600g","ja!","4337256337601","3.99","600g (1 kg = 6,65 €)","Süßes & Salziges","False","https://img.rewe-static.de/7857273/34912174_digital-image.png"
"ja! Trockenpflaumen 500g","ja!","4337256545549","4.49","500g (1 kg = 8,98 €)","Süßes & Salziges","False","https://img.rewe-static.de/7946294/32493702_digital-image.png"
"ja! Feine Eierplätzchen 400g","ja!","4337256290371","1.79","400g (1 kg = 4,48 €)","Süßes & Salziges","False","https://img.rewe-static.de/0201401/24648253_digital-image.png"
"ja! Schokolade Ganze Nuss 100g","ja!","4388844217553","0.99","100g (1 kg = 9,90 €)","Süßes & Salziges","False","https://img.rewe-static.de/2724101/25486874_digital-image.png"
"ja! Schoko-Spritzgebäck 250g","ja!","22386892","1.59","250g (1 kg = 6,36 €)","Süßes & Salziges","False","https://img.rewe-static.de/8989043/41081894_digital-image.png"
"ja! Creamy Cheese Dip 290ml","ja!","4337256172585","1.39","290ml (1 l = 4,79 €)","Süßes & Salziges","False","https://img.rewe-static.de/8514434/32470097_digital-image.png"
"ja! Nussmix geröstet und gesalzen 150g","ja!","4337256582780","1.79","150g (1 kg = 11,93 €)","Süßes & Salziges","False","https://img.rewe-static.de/7709655/38586915_digital-image.png"
"ja! Kaffee Kränze 250g","ja!","4337256597166","1.99","250g (1 kg = 7,96 €)","Süßes & Salziges","False","https://img.rewe-static.de/7857939/34995041_digital-image.png"
"ja! Waffelmischung 400g","ja!","4337256775649","2.69","400g (1 kg = 6,73 €)","Süßes & Salziges","False","https://img.rewe-static.de/9045128/42229059_digital-image.png"
"ja! Edel-Vollmilch-Schokolade Brownie 190g","ja!","4337256467032","1.79","190g (1 kg = 9,42 €)","Süßes & Salziges","False","https://img.rewe-static.de/8771102/36787210_digital-image.png"
"ja! Erdnuss-Flips 200g","ja!","4337256324786","0.99","200g (1 kg = 4,95 €)","Süßes & Salziges","False","https://img.rewe-static.de/7892381/24677584_digital-image.png"
"ja! Pinienkerne 50g","ja!","4337256790123","2.29","50g (1 kg = 45,80 €)","Süßes & Salziges","False","https://img.rewe-static.de/2325000/23973954_digital-image.png"
"ja! Sultaninen 250g","ja!","4337256433822","1.19","250g (1 kg = 4,76 €)","Süßes & Salziges","False","https://img.rewe-static.de/1008597/7835330_digital-image.png"
"ja! Cashewkerne geröstet & ungesalzen 150g","ja!","4337256576727","2.19","150g (1 kg = 14,60 €)","Süßes & Salziges","False","https://img.rewe-static.de/8889713/38658012_digital-image.png"
"ja! Doppelkeks 500g","ja!","4388840019120","1.79","500g (1 kg = 3,58 €)","Süßes & Salziges","False","https://img.rewe-static.de/5879736/24621187_digital-image.png"
"ja! Zartbitter-Schokolade 100g","ja!","4337256012232","0.79","100g (1 kg = 7,90 €)","Süßes & Salziges","False","https://img.rewe-static.de/6261175/2930200_digital-image.png"
"ja! Waffelröllchen 200g","ja!","4337256289634","1.79","200g (1 kg = 8,95 €)","Süßes & Salziges","False","https://img.rewe-static.de/0201434/24595047_digital-image.png"
"ja! Käse-Gebäckstangen 150g","ja!","4337256544993","1.59","150g (1 kg = 10,60 €)","Süßes & Salziges","False","https://img.rewe-static.de/2030321/24402542_digital-image.png"
"ja! Jaffa Cake Orange 300g","ja!","4337256270045","1.69","300g (1 kg = 5,63 €)","Süßes & Salziges","False","https://img.rewe-static.de/2239595/24677466_digital-image.png"
"ja! Schokorosinen 200g","ja!","4337256317405","1.29","200g (1 kg = 6,45 €)","Süßes & Salziges","False","https://img.rewe-static.de/7091553/27215430_digital-image.png"
"ja! Pekan-Nusskerne naturbelassen 200g","ja!","4337256570312","3.89","200g (1 kg = 19,45 €)","Süßes & Salziges","False","https://img.rewe-static.de/8721437/35600972_digital-image.png"
"ja! Nussfruchtmischung 200g","ja!","4337256748964","2.29","200g (1 kg = 11,45 €)","Süßes & Salziges","False","https://img.rewe-static.de/2317787/24674351_digital-image.png"
"ja! Salzstangen mit Meersalz 250g","ja!","4337256238083","0.69","250g (1 kg = 2,76 €)","Süßes & Salziges","False","https://img.rewe-static.de/6878636/24677566_digital-image.png"
"Ja! Erdnuss Chocs Bunt 400g","ja!","4337256793117","2.49","400g (1 kg = 6,23 €)","Süßes & Salziges","False","https://img.rewe-static.de/7067036/27042789_digital-image.png"
"ja! Vollmilch Schoko Waffelröllchen 125g","ja!","4337256610780","1.99","125g (1 kg = 15,92 €)","Süßes & Salziges","False","https://img.rewe-static.de/7698252/39837657_digital-image.png"
"ja! Paprika Kartoffel-Sticks 125g","ja!","4337256665810","0.89","125g (1 kg = 7,12 €)","Süßes & Salziges","False","https://img.rewe-static.de/8370263/30373971_digital-image.png"
"ja! Nusskernmischung naturell ungesalzen & ungeröstet 200g","ja!","4337256937252","2.99","200g (1 kg = 14,95 €)","Süßes & Salziges","False","https://img.rewe-static.de/3151703/26607071_digital-image.png"
"ja! Schokotatzen mit Zartbitterschokolade 250g","ja!","4337256287777","1.65","250g (1 kg = 6,60 €)","Süßes & Salziges","False","https://img.rewe-static.de/0201418/24593043_digital-image.png"
"Ja! Soft-Aprikosen 250g","ja!","4337256548236","2.39","250g (1 kg = 9,56 €)","Süßes & Salziges","False","https://img.rewe-static.de/3151968/26607086_digital-image.png"
"ja! Pfefferminztaler 250g","ja!","4337256271370","1.49","250g (1 kg = 5,96 €)","Süßes & Salziges","False","https://img.rewe-static.de/8603338/33782762_digital-image.png"
"ja! Tortilla Chips Nacho Cheese 300g","ja!","4337256272568","1.59","300g (1 kg = 5,30 €)","Süßes & Salziges","False","https://img.rewe-static.de/2502892/24394805_digital-image.png"
"ja! Salted Chips 200g","ja!","4388860275247","1.09","200g (1 kg = 5,45 €)","Süßes & Salziges","False","https://img.rewe-static.de/8260720/29418537_digital-image.png"
"ja! Butterkekse 400g","ja!","4337256023153","1.99","400g (1 kg = 4,98 €)","Süßes & Salziges","False","https://img.rewe-static.de/0079949/31099595_digital-image.png"
"Mälzer & Fu Eiscreme Franzbrötchen 500ml","NA","4260158881289","5.99","500ml (1 l = 11,98 €)","Tiefkühlkost","False","https://img.rewe-static.de/7638883/41231229_digital-image.png"
"Iglo Fischstäbchen 450g, 15 Stück","Iglo","4250241203524","4.49","450g (1 kg = 9,98 €)","Tiefkühlkost","False","https://img.rewe-static.de/4305760/24973160_digital-image.png"
"Original Wagner Piccolinis Salami 270g","Original Wagner","4009233014002","3.49","270g (1 kg = 12,93 €)","Tiefkühlkost","False","https://img.rewe-static.de/1459732/26305120_digital-image.png"
"REWE Beste Wahl Laugenstangen 700g","REWE Beste Wahl","4337256743914","1.99","718g (1 kg = 2,77 €)","Tiefkühlkost","False","https://img.rewe-static.de/2061726/25469240_digital-image.png"
"REWE Beste Wahl 10 Mini Frühlingsrollen 280g","REWE Beste Wahl","4337256870320","2.59","280g (1 kg = 9,25 €)","Tiefkühlkost","False","https://img.rewe-static.de/8019360/30678925_digital-image.png"
"Frosta Backofenfisch Knusprig Kross 240g","Frosta","4008366011940","3.69","240g (1 kg = 15,38 €)","Tiefkühlkost","False","https://img.rewe-static.de/2896374/25547761_digital-image.png"
"Dr. Oetker Die Ofenfrische Pizza Pepperoni-Salami 415g","Dr. Oetker","4001724011088","3.69","415g (1 kg = 8,89 €)","Tiefkühlkost","False","https://img.rewe-static.de/2098587/23735690_digital-image.png"
"REWE Bio Petersilie 50g","REWE Bio","4337256412155","0.99","50g (1 kg = 19,80 €)","Tiefkühlkost","False","https://img.rewe-static.de/0184650/19998740_digital-image.png"
"Frosta Fischstäbchen MSC 450g, 15 Stück","Frosta","4008366010387","3.99","450g (1 kg = 8,87 €)","Tiefkühlkost","False","https://img.rewe-static.de/2159709/22301349_digital-image.png"
"Coppenrath & Wiese 6 Laugen-Brötchen 440g","Conditorei Coppenrath & Wiese","4008577006261","3.29","440g (1 kg = 7,48 €)","Tiefkühlkost","False","https://img.rewe-static.de/2145027/22358778_digital-image.png"
"Dr. Oetker Die Ofenfrische Pizza Thunfisch 435g","Dr. Oetker","4001724036739","3.69","435g (1 kg = 8,48 €)","Tiefkühlkost","False","https://img.rewe-static.de/8705072/35063268_digital-image.png"
"Nestlé Schöller Eis Bum Bum Multipackung 4x72ml","Nestlé","7613035050655","3.99","4x72ml (1 l = 13,85 €)","Tiefkühlkost","False","https://img.rewe-static.de/2371829/23775262_digital-image.png"
"Frosta Tagliatelle Wildlachs MSC 450g","Frosta","4008366015498","4.69","450g (1 kg = 10,42 €)","Tiefkühlkost","False","https://img.rewe-static.de/8021695/30567908_digital-image.png"
"Coppenrath & Wiese Benjamin Blümchen Erdbeer-Schoko-Sahnetorte 500g","Conditorei Coppenrath & Wiese","4008577001532","5.49","500g (1 kg = 10,98 €)","Tiefkühlkost","True","https://img.rewe-static.de/0566071/3392310_digital-image.png"
"McCain Golden Longs 1kg","McCain","8710438035636","4.89","1000g","Tiefkühlkost","False","https://img.rewe-static.de/6720617/27860518_digital-image.png"
"Original Wagner Steinofen Pizza Hawaii 380g","Original Wagner","4009233003907","1.79","380g (1 kg = 4,71 €)","Tiefkühlkost","True","https://img.rewe-static.de/8081042/3679510_digital-image.png"
"Iglo Knusper-Fisch MSC 352g","Iglo","4250241209519","4.49","352g (1 kg = 12,76 €)","Tiefkühlkost","False","https://img.rewe-static.de/7677699/40800805_digital-image.png"
"REWE Beste Wahl Mini Laugen-Mix 10er","REWE Beste Wahl","4337256742122","2.69","518g (1 kg = 5,19 €)","Tiefkühlkost","False","https://img.rewe-static.de/8283301/29387408_digital-image.png"
"REWE Bio Schnittlauch 50g","REWE Bio","4337256398985","0.99","50g (1 kg = 19,80 €)","Tiefkühlkost","False","https://img.rewe-static.de/0184645/2250610_digital-image.png"
"REWE Beste Wahl Hühnerfrikassee 450g","REWE Beste Wahl","4337256117982","2.39","450g (1 kg = 5,31 €)","Tiefkühlkost","False","https://img.rewe-static.de/0267429/22390450_digital-image.png"
"Dr. Oetker Die Ofenfrische Pizza Salami 390g","Dr. Oetker","4001724011170","3.69","390g (1 kg = 9,46 €)","Tiefkühlkost","False","https://img.rewe-static.de/2098582/21911108_digital-image.png"
"McCain Airfryer Frites 500g","McCain","8710438115178","2.59","500g (1 kg = 5,18 €)","Tiefkühlkost","False","https://img.rewe-static.de/8279249/29199947_digital-image.png"
"REWE Beste Wahl Samosas mit Gemüse vegan 360g","REWE Beste Wahl","4337256827867","2.79","360g (1 kg = 7,75 €)","Tiefkühlkost","False","https://img.rewe-static.de/8877117/38819834_digital-image.png"
"Nuii Eis Salted Caramel & Australian Macadamia 3x90ml","Nuii","5900130030678","3.79","3x90ml (1 l = 14,04 €)","Tiefkühlkost","False","https://img.rewe-static.de/8270336/28945266_digital-image.png"
"Sinnack Bio Steinofen Baguette Weizen 250g","Sinnack","4009097033706","1.49","250g (1 kg = 5,96 €)","Tiefkühlkost","False","https://img.rewe-static.de/8163293/46936768_digital-image.png"
"Nuii Ice Cream Caramel White Chocolate & Texan Pecan 3x90ml","Nuii","5900130034966","3.79","270ml (1 l = 14,04 €)","Tiefkühlkost","False","https://img.rewe-static.de/8509375/32264944_digital-image.png"
"Snickers Eisriegel 5x50,3ml","Snickers","5000159548496","3.29","251,50ml (1 l = 13,08 €)","Tiefkühlkost","False","https://img.rewe-static.de/7700736/39027658_digital-image.png"
"Frosta Hühnerfrikassee 500g","Frosta","4008366008582","4.69","500g (1 kg = 9,38 €)","Tiefkühlkost","False","https://img.rewe-static.de/1196604/25045392_digital-image.png"
"Dr. Oetker Ristorante Pizza Hawaii 355g","Dr. Oetker","4001724039082","3.49","355g (1 kg = 9,83 €)","Tiefkühlkost","False","https://img.rewe-static.de/8704326/34878447_digital-image.png"
"Frosta Gemüse Mix Asiatische Küche 600g","Frosta","4008366002559","1.99","600g (1 kg = 3,32 €)","Tiefkühlkost","True","https://img.rewe-static.de/9998699/44059217_digital-image.png"
"Nuii Milk Chocolate & Roasted Hazelnut 270ml","Nuii","5900130038636","3.79","270ml (1 l = 14,04 €)","Tiefkühlkost","False","https://img.rewe-static.de/7712718/38470931_digital-image.png"
"Frosta Tortellini Käse-Sahne 500g","Frosta","4008366009961","4.69","500g (1 kg = 9,38 €)","Tiefkühlkost","False","https://img.rewe-static.de/2063003/22452632_digital-image.png"
"Frosta Bami Goreng 500g","Frosta","4008366001309","4.69","500g (1 kg = 9,38 €)","Tiefkühlkost","False","https://img.rewe-static.de/0151855/25044136_digital-image.png"
"Frosta Hähnchen-Geschnetzeltes 500g","Frosta","4008366001460","4.69","500g (1 kg = 9,38 €)","Tiefkühlkost","False","https://img.rewe-static.de/0149542/25047476_digital-image.png"
"Iglo Prinzessbohnen Frisch vom Feld 400g","Iglo","4250241204644","2.79","400g (1 kg = 6,98 €)","Tiefkühlkost","False","https://img.rewe-static.de/1905528/23745206_digital-image.png"
"Magnum Mini Classic - Almond - White Chocolate 330ml","Magnum","8711327609082","3.99","330ml (1 l = 12,09 €)","Tiefkühlkost","False","https://img.rewe-static.de/7608743/42615699_digital-image.png"
"Frosta Mexican Style Chicken 500g","Frosta","4008366003334","4.69","500g (1 kg = 9,38 €)","Tiefkühlkost","False","https://img.rewe-static.de/0545495/25045395_digital-image.png"
"Vossko Bauernhof Tiere 400g","Vossko","4004155035272","2.99","400g","Tiefkühlkost","False","https://img.rewe-static.de/7630723/42417991_digital-image.png"
"Original Wagner Piccolinis Brezel 234g","Original Wagner","8445290960313","3.49","234g (1 kg = 14,91 €)","Tiefkühlkost","False","https://img.rewe-static.de/7636724/41423936_digital-image.png"
"Magnum Collection Pistachio 3x100ml","Magnum","8711327610620","3.99","300ml (1 l = 13,30 €)","Tiefkühlkost","False","https://img.rewe-static.de/9140270/42416416_digital-image.png"
"Cremissimo Eis Schokolade 825ml","Cremissimo","8711327619470","3.99","825ml (1 l = 4,84 €)","Tiefkühlkost","False","https://img.rewe-static.de/9044845/42464803_digital-image.png"
"Cremissimo Eis Erdbeer Joghurt 825ml","Langnese","8711327615434","3.99","825ml (1 l = 4,84 €)","Tiefkühlkost","False","https://img.rewe-static.de/7604357/42760457_digital-image.png"
"Cremissimo Eis Walnuss 825ml","Cremissimo","8711327619722","3.99","825ml (1 l = 4,84 €)","Tiefkühlkost","False","https://img.rewe-static.de/7609513/42585082_digital-image.png"
"REWE Bio Naturland Kartoffel Wedges 600g","REWE Bio","4337256664448","1.99","600g (1 kg = 3,32 €)","Tiefkühlkost","True","https://img.rewe-static.de/8956226/40801880_digital-image.png"
"Langnese Cuja Mara Split Eis 420ml","Langnese","8711327584686","2.49","420ml (1 l = 5,93 €)","Tiefkühlkost","True","https://img.rewe-static.de/8982840/38472869_digital-image.png"
"Mövenpick Eis Cappuccino 900ml","Mövenpick","4008210184851","3.99","900ml (1 l = 4,43 €)","Tiefkühlkost","False","https://img.rewe-static.de/2997967/22974333_digital-image.png"
"Iglo Rahm-Spinat portionierbar 750g","Iglo","4250241208581","3.29","750g (1 kg = 4,39 €)","Tiefkühlkost","False","https://img.rewe-static.de/8426324/30989982_digital-image.png"
"Magnum Eis Double Starchaser 3x85ml","Magnum","8711327583023","3.99","255ml (1 l = 15,65 €)","Tiefkühlkost","False","https://img.rewe-static.de/8902524/38389209_digital-image.png"
"Coppenrath & Wiese 9 Weizen-Brötchen 450g","Conditorei Coppenrath & Wiese","4008577006315","1.59","450g (1 kg = 3,53 €)","Tiefkühlkost","True","https://img.rewe-static.de/1234722/23887647_digital-image.png"
"Frosta Bratkartoffel-Hähnchenpfanne 500g","Frosta","4008366001484","4.69","500g (1 kg = 9,38 €)","Tiefkühlkost","False","https://img.rewe-static.de/0151844/5510240_digital-image.png"
"Original Wagner Steinofen Speciale 350g","Original Wagner","4009233003587","1.79","350g (1 kg = 5,11 €)","Tiefkühlkost","True","https://img.rewe-static.de/5542170/789800_digital-image.png"
"REWE Beste Wahl Himbeeren 500g","REWE Beste Wahl","4337256763660","3.69","500g (1 kg = 7,38 €)","Tiefkühlkost","False","https://img.rewe-static.de/7091046/30307193_digital-image.png"
"Original Wagner Steinofen Pizza Diavolo 350g","Original Wagner","4009233003655","1.79","350g (1 kg = 5,11 €)","Tiefkühlkost","True","https://img.rewe-static.de/7643829/1175110_digital-image.png"
"Iglo Blattspinat 500g","Iglo","4250241207331","2.79","500g (1 kg = 5,58 €)","Tiefkühlkost","False","https://img.rewe-static.de/7033646/26859071_digital-image.png"
"Iglo Rahmgemüse Erbsen & Karotten 480g","Iglo","4250241201285","3.29","480g (1 kg = 6,85 €)","Tiefkühlkost","False","https://img.rewe-static.de/0531069/23746024_digital-image.png"
"REWE Beste Wahl Chicken Cheese Nuggets 400g","REWE Beste Wahl","4337256286664","3.99","400g (1 kg = 9,98 €)","Tiefkühlkost","False","https://img.rewe-static.de/8614613/34995140_digital-image.png"
"Iglo Backfisch-Stäbchen 364g","Iglo","4250241204170","4.49","364g (1 kg = 12,34 €)","Tiefkühlkost","False","https://img.rewe-static.de/1369917/24972141_digital-image.png"
"Dr. Oetker Ristorante Pizza Tonno 355g","Dr. Oetker","4001724038993","3.49","355g (1 kg = 9,83 €)","Tiefkühlkost","False","https://img.rewe-static.de/8705158/34878467_digital-image.png"
"Original Wagner Steinofen Pizza Chicken 350g","Original Wagner","4009233003624","1.79","350g (1 kg = 5,11 €)","Tiefkühlkost","True","https://img.rewe-static.de/0095532/3678740_digital-image.png"
"Coppenrath & Wiese Blechkuchen Mandel Bienenstich 530g","Conditorei Coppenrath & Wiese","4008577020267","5.49","530g (1 kg = 10,36 €)","Tiefkühlkost","False","https://img.rewe-static.de/2146515/23173249_digital-image.png"
"REWE Beste Wahl Crunchy Chili Balls vegan 250g","REWE Beste Wahl","4337256681902","2.49","250g (1 kg = 9,96 €)","Tiefkühlkost","False","https://img.rewe-static.de/8972055/41155442_digital-image.png"
"Original Wagner Steinofen Pizza Käse-Quartett 350g","Original Wagner","4009233003464","1.79","350g (1 kg = 5,11 €)","Tiefkühlkost","True","https://img.rewe-static.de/0435600/5502330_digital-image.png"
"Dr. Oetker Bistro Baguette Tomate & Fromage 250g","Dr. Oetker","4001724038085","2.29","250g (1 kg = 9,16 €)","Tiefkühlkost","False","https://img.rewe-static.de/7828074/35069059_digital-image.png"
"Coppenrath & Wiese 6 Dinkel-Brötchen 420g","Conditorei Coppenrath & Wiese","4008577006186","3.29","420g (1 kg = 7,83 €)","Tiefkühlkost","False","https://img.rewe-static.de/0046658/5194590_digital-image.png"
"Dr. Oetker Bistro Baguette Thunfisch 250g","Dr. Oetker","4001724038115","2.29","250g (1 kg = 9,16 €)","Tiefkühlkost","False","https://img.rewe-static.de/8705172/35069060_digital-image.png"
"REWE Beste Wahl Pommes 750g","REWE Beste Wahl","4337256766470","1.99","750g (1 kg = 2,65 €)","Tiefkühlkost","False","https://img.rewe-static.de/9039355/42916360_digital-image.png"
"Dr. Oetker Die Ofenfrische Schinken-Ananas 415g","Dr. Oetker","4001724041139","3.69","415g (1 kg = 8,89 €)","Tiefkühlkost","False","https://img.rewe-static.de/7827508/35069033_digital-image.png"
"REWE Beste Wahl Erbsen mit Möhrchen gefroren 1kg","REWE Beste Wahl","4337256688710","2.99","1000g","Tiefkühlkost","False","https://img.rewe-static.de/8983596/41493212_digital-image.png"
"Iglo Green Cuisine Gemüsestäbchen vegan 426g","Iglo","4250241204231","2.99","426g (1 kg = 7,02 €)","Tiefkühlkost","False","https://img.rewe-static.de/1321392/19074390_digital-image.png"
"Dr. Oetker Die Ofenfrische Pizza Vier-Käse 410g","Dr. Oetker","4001724011118","3.69","410g (1 kg = 9 €)","Tiefkühlkost","False","https://img.rewe-static.de/2098591/21911120_digital-image.png"
"REWE Beste Wahl Pizza Classica Ziegenkäse 315g","REWE Beste Wahl","4337256758604","2.19","315g (1 kg = 6,95 €)","Tiefkühlkost","False","https://img.rewe-static.de/8196324/28584137_digital-image.png"
"Dr. Oetker Die Ofenfrische Pizza Speciale 415g","Dr. Oetker","4001724011057","3.69","415g (1 kg = 8,89 €)","Tiefkühlkost","False","https://img.rewe-static.de/2098585/23634529_digital-image.png"
"Dr. Oetker Pizza Tradizionale Margherita 350g","Dr. Oetker","4001724038597","3.69","350g (1 kg = 10,54 €)","Tiefkühlkost","False","https://img.rewe-static.de/8707527/35088978_digital-image.png"
"Coppenrath & Wiese 6 Weltmeister-Brötchen 450g","Conditorei Coppenrath & Wiese","4008577006001","3.29","450g (1 kg = 7,31 €)","Tiefkühlkost","False","https://img.rewe-static.de/8348695/30041788_digital-image.png"
"Dr. Oetker Pizza Tradizionale Salame Romana 385g","Dr. Oetker","4001724038474","3.69","385g (1 kg = 9,58 €)","Tiefkühlkost","False","https://img.rewe-static.de/7828148/37512479_digital-image.png"
"Vossko Original Mr. Chicken Döner Kebabfleisch 250g","Vossko","4260249520561","2.79","250g","Tiefkühlkost","False","https://img.rewe-static.de/9933555/47431338_digital-image.png"
"Nestlé Pirulo Wassereis Watermelon 365ml","Nestlé","8606018617098","3.99","365ml (1 l = 10,93 €)","Tiefkühlkost","False","https://img.rewe-static.de/9044274/42942720_digital-image.png"
"REWE Stuffed Crust Pizza Salami 472g","REWE Beste Wahl","4337256762601","3.79","472g (1 kg = 8,03 €)","Tiefkühlkost","False","https://img.rewe-static.de/7904821/33508997_digital-image.png"
"Nestlé Schöller Family Box 478ml","Schöller","5900130040240","3.99","478ml (1 l = 8,35 €)","Tiefkühlkost","False","https://img.rewe-static.de/9081837/43268781_digital-image.png"
"Dr. Oetker La Mia Grande Pizza Salame Piccante 380g","Dr. Oetker","4001724027256","4.19","380g (1 kg = 11,03 €)","Tiefkühlkost","False","https://img.rewe-static.de/7209395/27467654_digital-image.png"
"Dr. Oetker Die Ofenfrische Pizza Schinken-Sauerrahm 382g","Dr. Oetker","4001724049142","3.69","382g (1 kg = 9,66 €)","Tiefkühlkost","False","https://img.rewe-static.de/9094216/43252751_digital-image.png"
"Dr. Oetker Die Ofenfrische Pizza BBQ Pulled Pork 405g","Dr. Oetker","4001724026372","3.69","405g (1 kg = 9,11 €)","Tiefkühlkost","False","https://img.rewe-static.de/7090638/26863533_digital-image.png"
"Coppenrath & Wiese 6 Mehrkorn-Brötchen 300g","Conditorei Coppenrath & Wiese","4008577006025","1.59","300g (1 kg = 5,30 €)","Tiefkühlkost","True","https://img.rewe-static.de/2795493/979420_digital-image.png"
"Schwarmstedter Kartoffeltasche des Jahres 300g","Schwarmstedter","4006181006325","2.89","300g (1 kg = 9,63 €)","Tiefkühlkost","False","https://img.rewe-static.de/7029234/26707139_digital-image.png"
"Twix Ice Cream 5x43,1ml","Twix","5000159558976","3.29","5x43,10ml (1 l = 15,27 €)","Tiefkühlkost","False","https://img.rewe-static.de/9029698/43176108_digital-image.png"
"Coppenrath & Wiese Feinste Sahne Erdbeer-Pannacotta-Kuppeltorte 1,5kg","Conditorei Coppenrath & Wiese","4008577004410","15.49","1500g (1 kg = 10,33 €)","Tiefkühlkost","False","https://img.rewe-static.de/2013971/24808764_digital-image.png"
"Dr. Oetker La Mia Grande Rucola Pizza 410g","Dr. Oetker","4001724040538","4.19","410g (1 kg = 10,22 €)","Tiefkühlkost","False","https://img.rewe-static.de/8691500/33548698_digital-image.png"
"Heichelheimer Echte Thüringer Kartoffelpuffer 10x60g","Heichelheimer","4044564510007","2.79","600g (1 kg = 4,65 €)","Tiefkühlkost","False","https://img.rewe-static.de/7658257/970720_digital-image.png"
"REWE Beste Wahl Eis Cookie Dough 500ml","REWE Beste Wahl","4337256538787","2.49","500ml (1 l = 4,98 €)","Tiefkühlkost","False","https://img.rewe-static.de/3095785/26552876_digital-image.png"
"Frosta Gemüse Pfanne alla Mediterranea 480g","Frosta","4008366009909","1.99","480g (1 kg = 4,15 €)","Tiefkühlkost","True","https://img.rewe-static.de/2046109/22457968_digital-image.png"
"REWE Bio Naturland Schokoladen Eiscreme 500ml","REWE Bio","4337256575225","2.99","500ml (1 l = 5,98 €)","Tiefkühlkost","False","https://img.rewe-static.de/0959592/38930918_digital-image.png"
"REWE Beste Wahl Eis Caramel Core 500ml","REWE Beste Wahl","4337256517652","2.49","500ml (1 l = 4,98 €)","Tiefkühlkost","False","https://img.rewe-static.de/8838806/37380018_digital-image.png"
"Mälzer & Fu Lemon Basil Bash 500ml","NA","4260158881081","5.99","500ml (1 l = 11,98 €)","Tiefkühlkost","False","https://img.rewe-static.de/9004699/41231248_digital-image.png"
"Mälzer & Fu Pure Vanilla 500ml","NA","4260158880787","5.99","500ml (1 l = 11,98 €)","Tiefkühlkost","False","https://img.rewe-static.de/9004805/41231115_digital-image.png"
"REWE Beste Wahl Black Tiger Riesengarnelen 300g","REWE Beste Wahl","4337256311526","9.99","300g (1 kg = 33,30 €)","Tiefkühlkost","False","https://img.rewe-static.de/8640138/34747437_digital-image.png"
"Herrenhof Frikandellen 20 Stück","Herrenhof","4026279997403","8.99","20x70g (1 kg = 6,42 €)","Tiefkühlkost","False","https://img.rewe-static.de/2057446/25506591_digital-image.png"
"Frosta Nice Rice Korean Style vegan 500g","Frosta","4008366883301","4.69","500g (1 kg = 9,38 €)","Tiefkühlkost","False","https://img.rewe-static.de/8947050/48075571_digital-image.png"
"Langnese Klassiker Mix 482ml","Langnese","8711327594296","3.99","482ml (1 l = 8,28 €)","Tiefkühlkost","False","https://img.rewe-static.de/8902318/39039181_digital-image.png"
"Tulip Geflügelfleischklößchen 200g","Tulip","5741300024079","1.89","200g (1 kg = 9,45 €)","Tiefkühlkost","False","https://img.rewe-static.de/7075979/31397495_digital-image.png"
"Beyond Meat Beyond Burger vegan 226g","Beyond Meat","1230000068017","3.99","226g (1 kg = 17,65 €)","Tiefkühlkost","False","https://img.rewe-static.de/7815185/35453040_digital-image.png"
"Elvis Eis Nuss Nougat glutenfrei 400ml","NA","4260733450244","5.99","400ml (1 l = 14,98 €)","Tiefkühlkost","False","https://img.rewe-static.de/8932400/40261634_digital-image.png"
"Iglo Schlemmerfilet Picante 380g","Iglo","4250241207836","4.49","380g (1 kg = 11,82 €)","Tiefkühlkost","False","https://img.rewe-static.de/8224169/28655632_digital-image.png"
"REWE Feine Welt Vanille-Eiscreme 480ml","REWE Feine Welt","4337256243803","2.99","480ml (1 l = 6,23 €)","Tiefkühlkost","False","https://img.rewe-static.de/1075074/8962850_digital-image.png"
"McCain P!ckers Crispy Onion Rings 350g","McCain","8710438121636","3.29","350g (1 kg = 9,40 €)","Tiefkühlkost","False","https://img.rewe-static.de/8623426/33478192_digital-image.png"
"Dovgan Taschki Pelmeni Teigtaschen mit Putenfleisch 500g","Dovgan","4032549002432","3.49","500g (1 kg = 6,98 €)","Tiefkühlkost","False","https://img.rewe-static.de/5345987/6582400_digital-image.png"
"REWE Beste Wahl Himbeer-Heidelbeer-Mix 300g","REWE Beste Wahl","4337256761031","2.49","300g (1 kg = 8,30 €)","Tiefkühlkost","False","https://img.rewe-static.de/7158180/27532963_digital-image.png"
"Mars Eisriegel 5x49,5ml","Mars","5000159548519","3.29","247,50ml (1 l = 13,29 €)","Tiefkühlkost","False","https://img.rewe-static.de/8908933/39027668_digital-image.png"
"Original Wagner Die Backfrische Lachs Spinat 350g","Original Wagner","7613036427203","3.49","350g (1 kg = 9,97 €)","Tiefkühlkost","False","https://img.rewe-static.de/7205659/27801089_digital-image.png"
"Iglo Schlemmerfilet Blattspinat Käse 380g","Iglo","4250241207829","4.49","380g (1 kg = 11,82 €)","Tiefkühlkost","False","https://img.rewe-static.de/8128555/28655629_digital-image.png"
"Garten Bio Demeter Blattspinat tiefgefroren 450g","NA","4026813000491","2.19","450g (1 kg = 4,87 €)","Tiefkühlkost","False","https://img.rewe-static.de/8609331/33893577_digital-image.png"
"Iglo Kräuter Zwiebel-Duo 70g","Iglo","4250241208864","1.29","70g (1 kg = 18,43 €)","Tiefkühlkost","False","https://img.rewe-static.de/7837659/35150479_digital-image.png"
"Frosta Bio Gemüse Pfanne a la Ratatouille 430g","Frosta","4008366003563","1.99","430g (1 kg = 4,63 €)","Tiefkühlkost","True","https://img.rewe-static.de/7630516/41665504_digital-image.png"
"Iglo Kräuter Schnittlauch 50g","Iglo","4250241208901","1.29","50g (1 kg = 25,80 €)","Tiefkühlkost","False","https://img.rewe-static.de/7835941/35150371_digital-image.png"
"Schär Pizza Margherita 300g","Schär","8008698026090","3.99","300g (1 kg = 13,30 €)","Tiefkühlkost","False","https://img.rewe-static.de/8154931/28895014_digital-image.png"
"Kinder Bueno Eis 4x62g","Kinder","8000500384664","3.59","4x90g (1 l = 9,97 €)","Tiefkühlkost","False","https://img.rewe-static.de/8699056/35288668_digital-image.png"
"Iglo Rahmspinat 1,3kg","Iglo","4250241202787","4.49","1300g (1 kg = 3,45 €)","Tiefkühlkost","False","https://img.rewe-static.de/0951475/23749342_digital-image.png"
"Costa Tintenfisch Ringe Knusper 300g","Costa","4008467007767","5.99","300g (1 kg = 19,97 €)","Tiefkühlkost","False","https://img.rewe-static.de/8193370/28552623_digital-image.png"
"Frosta Gemüsepfanne Sommergarten 480g","Frosta","4008366007011","1.99","480g (1 kg = 4,15 €)","Tiefkühlkost","True","https://img.rewe-static.de/1029305/8368390_digital-image.png"
"Iglo Rahmspinat 170g","Iglo","4250241202886","1.29","170g (1 kg = 7,59 €)","Tiefkühlkost","False","https://img.rewe-static.de/0951465/23749340_digital-image.png"
"Iglo Veggie Love Kürbis Quinoa vegan 400g","Iglo","4250241207782","3.49","400g (1 kg = 8,73 €)","Tiefkühlkost","False","https://img.rewe-static.de/8128084/28374695_digital-image.png"
"Dr. Oetker Bistro Baguette Spéciale 250g","Dr. Oetker","4001724038207","2.29","250g (1 kg = 9,16 €)","Tiefkühlkost","False","https://img.rewe-static.de/7791090/35063270_digital-image.png"
"Iglo Omega 3 Fischstäbchen 360g","Iglo","4250241202213","4.49","360g (1 kg = 12,47 €)","Tiefkühlkost","False","https://img.rewe-static.de/0744051/24972130_digital-image.png"
"Frosta Gemüse Pfanne alla Toscana 480g","Frosta","4008366006915","1.99","480g (1 kg = 4,15 €)","Tiefkühlkost","True","https://img.rewe-static.de/1029301/8368270_digital-image.png"
"Valess Crunchy Tenders vegetarisch 160g","Valess","8712800001447","3.19","160g (1 kg = 19,94 €)","Tiefkühlkost","False","https://img.rewe-static.de/9072952/44094016_digital-image.png"
"Frosta Gemüse Pfanne Curry Kokos vegan 480g","Frosta","4008366007196","1.99","480g (1 kg = 4,15 €)","Tiefkühlkost","True","https://img.rewe-static.de/1029308/22823645_digital-image.png"
"Cremissimo Eis Strawberry Cheesecake 825ml","Cremissimo","8711327617940","3.99","825ml (1 l = 4,84 €)","Tiefkühlkost","False","https://img.rewe-static.de/7601177/42760453_digital-image.png"
"Original Wagner Bella Napoli Pizza Diavola 430g","Original Wagner","7613039830413","3.89","430g (1 kg = 9,05 €)","Tiefkühlkost","False","https://img.rewe-static.de/8452588/31381650_digital-image.png"
"Mövenpick Eis Joghurt 850ml","Mövenpick","4008211004387","3.99","850ml (1 l = 4,69 €)","Tiefkühlkost","False","https://img.rewe-static.de/7702313/38472506_digital-image.png"
"Zott Monte Ice Cream Classic 340ml","Zott","4014500519814","4.49","340ml (1 l = 13,21 €)","Tiefkühlkost","False","https://img.rewe-static.de/9026407/43038235_digital-image.png"
"Herrenhof 5 Frikandellen 5x70g","Herrenhof","4026279997458","2.99","5x70g (1 kg = 8,54 €)","Tiefkühlkost","False","https://img.rewe-static.de/7723403/38459172_digital-image.png"
"Ben & Jerry's Eis Cookie Dough S'Wich Up 465ml","Ben & Jerry's","8711327371682","3.99","465ml (1 l = 8,58 €)","Tiefkühlkost","True","https://img.rewe-static.de/8397064/44261057_digital-image.png"
"Dr. Oetker Ristorante Pizza Pasta 410g","Dr. Oetker","4001724039389","3.49","410g (1 kg = 8,51 €)","Tiefkühlkost","False","https://img.rewe-static.de/8708404/34878477_digital-image.png"
"REWE Bio Hokkaido-Kürbis 450g","REWE Bio","4337256491426","1.89","450g (1 kg = 4,20 €)","Tiefkühlkost","False","https://img.rewe-static.de/2188055/23240504_digital-image.png"
"Milka Eis Strawberry Cheesecake 3x90ml","Milka","5900130038087","3.39","270ml (1 l = 12,56 €)","Tiefkühlkost","False","https://img.rewe-static.de/7663430/38070068_digital-image.png"
"REWE Beste Wahl Grünkohl 1kg","REWE Beste Wahl","4337256719414","2.19","1000g","Tiefkühlkost","False","https://img.rewe-static.de/7115374/27314122_digital-image.png"
"Frosta Bandnudel in Champignon-Steinpilz Sauce 500g","Frosta","4008366016273","4.69","500g (1 kg = 9,38 €)","Tiefkühlkost","False","https://img.rewe-static.de/7903338/32734175_digital-image.png"
"Frosta Gemüse Pfanne Style Asia Curry 480g","Frosta","4008366009336","1.99","480g (1 kg = 4,15 €)","Tiefkühlkost","True","https://img.rewe-static.de/1430993/20648798_digital-image.png"
"Mälzer & Fu Pistachio White Choc 500ml","NA","4260158881180","5.99","500ml (1 l = 11,98 €)","Tiefkühlkost","False","https://img.rewe-static.de/9005101/41231123_digital-image.png"
"Zott Monte Ice Cream 480ml","Monte","4014500519821","4.49","480ml (1 l = 9,35 €)","Tiefkühlkost","False","https://img.rewe-static.de/9028705/43044558_digital-image.png"
"Langnese Calippo Cola Eis 5x105ml","Langnese","8722700231998","2.49","525ml (1 l = 4,74 €)","Tiefkühlkost","True","https://img.rewe-static.de/2724454/24964980_digital-image.png"
"Magnum Eis Almond 6x100ml","Magnum","8711327608887","5.49","6x100ml (1 l = 9,15 €)","Tiefkühlkost","False","https://img.rewe-static.de/9061341/42564371_digital-image.png"
"Coppenrath & Wiese Kuchen Feiner Apfel 580g","Conditorei Coppenrath & Wiese","4008577006803","4.99","580g (1 kg = 8,60 €)","Tiefkühlkost","False","https://img.rewe-static.de/2283383/29503566_digital-image.png"
"Magnum Eis Mini Classic 6x55ml","Magnum","8711327608207","3.99","330ml (1 l = 12,09 €)","Tiefkühlkost","False","https://img.rewe-static.de/9047648/42239038_digital-image.png"
"Frosta Gemüse Pfanne All' Italiana 480g","Frosta","4008366009886","1.99","480g (1 kg = 4,15 €)","Tiefkühlkost","True","https://img.rewe-static.de/2046110/23174243_digital-image.png"
"Magnum Eis Double Gold Caramel Billionaire 3x85ml","Magnum","8711327483071","3.99","255ml (1 l = 15,65 €)","Tiefkühlkost","False","https://img.rewe-static.de/7955224/32353992_digital-image.png"
"Dr. Oetker Pizza Tradizionale Tonno e Cipolla 415g","Dr. Oetker","4001724038627","3.69","415g (1 kg = 8,89 €)","Tiefkühlkost","False","https://img.rewe-static.de/7791050/35088927_digital-image.png"
"Butcher's Frische Jumbo Pommes Frites 700g","Butcher's Burger","20718596","1.99","700g (1 kg = 2,84 €)","Tiefkühlkost","False","https://img.rewe-static.de/7209596/27599392_digital-image.png"
"Frosta Hähnchen-Paella 500g","Frosta","4008366008704","4.69","500g (1 kg = 9,38 €)","Tiefkühlkost","False","https://img.rewe-static.de/1312564/25045393_digital-image.png"
"Cornetto Classico 6x90ml","Cornetto","8711327616783","4.79","540ml (1 l = 8,87 €)","Tiefkühlkost","False","https://img.rewe-static.de/7609717/42393628_digital-image.png"
"Iglo Filegro Müllerin Art 250g","Iglo","4250241203494","4.49","250g (1 kg = 17,96 €)","Tiefkühlkost","False","https://img.rewe-static.de/3972364/15091030_digital-image.png"
"Iglo Veggie Love Brokkoli Buchweizen vegan 400g","Iglo","4250241207768","3.49","400g (1 kg = 8,73 €)","Tiefkühlkost","False","https://img.rewe-static.de/8223678/28374798_digital-image.png"
"Feine Landküche Hühnerklein 500g","NA","4002823000379","1.39","500g (1 kg = 2,78 €)","Tiefkühlkost","False","https://img.rewe-static.de/3401245/38950530_digital-image.png"
"Cubers The Ice Brand Eiswürfel 2kg","NA","4260042350433","2.79","2000g (1 kg = 1,40 €)","Tiefkühlkost","False","https://img.rewe-static.de/8463288/33498909_digital-image.png"
"Original Wagner Steinofen Pizzies Salami 2x150g","Original Wagner","7613030063773","1.79","300g (1 kg = 5,97 €)","Tiefkühlkost","True","https://img.rewe-static.de/8045625/29995386_digital-image.png"
"Frosta Chili con Quinoa Vegan 500g","Frosta","4008366012817","4.69","500g (1 kg = 9,38 €)","Tiefkühlkost","False","https://img.rewe-static.de/3394267/28060981_digital-image.png"
"Langnese Eis Family Mix 7 Stück","Langnese","8711327635876","3.99","462ml (1 l = 8,64 €)","Tiefkühlkost","False","https://img.rewe-static.de/9053406/43740987_digital-image.png"
"Frosta Gemüse Beilage Karotten & Erbsen Rahm 300g","Frosta","4008366016495","2.49","300g (1 kg = 8,30 €)","Tiefkühlkost","False","https://img.rewe-static.de/8538347/32556586_digital-image.png"
"Cornetto Soft Stracciatella & Caramel 560ml","Cornetto","8711327624764","3.79","560ml (1 l = 6,77 €)","Tiefkühlkost","False","https://img.rewe-static.de/9049286/42789813_digital-image.png"
"bibigo Gyoza Tofu & Vegetable vegan 300g","bibigo","4016337960098","3.89","300g (1 kg = 12,97 €)","Tiefkühlkost","False","https://img.rewe-static.de/8741519/36706280_digital-image.png"
"Original Wagner Steinofen Pizza Schinken Diavolo scharf 340g","Original Wagner","4009233003099","1.79","340g (1 kg = 5,26 €)","Tiefkühlkost","True","https://img.rewe-static.de/0112900/3563930_digital-image.png"
"Iglo Gemüse Ideen Gemüse-Pilz-Pfanne 480g","Iglo","4250241201360","3.29","480g (1 kg = 6,85 €)","Tiefkühlkost","False","https://img.rewe-static.de/0529483/23745734_digital-image.png"
"Iglo Rahmgemüse Wirsing 500g","Iglo","4250241202145","3.29","500g (1 kg = 6,58 €)","Tiefkühlkost","False","https://img.rewe-static.de/0744054/23749045_digital-image.png"
"Conditorei Coppenrath & Wiese Stracciatella-Kirsch Blechkuchenstücke 225g","Conditorei Coppenrath & Wiese","4008577021127","2.99","225g (1 kg = 13,29 €)","Tiefkühlkost","False","https://img.rewe-static.de/8998211/44353837_digital-image.png"
"Langnese Capri Orangenfruchteis 9x55ml","Langnese","4056100012135","2.49","9x55ml (1 l = 5,03 €)","Tiefkühlkost","True","https://img.rewe-static.de/5391245/2212930_digital-image.png"
"Dr. Oetker Ristorante Pizza Spinaci 390g","Dr. Oetker","4001724039020","3.49","390g (1 kg = 8,95 €)","Tiefkühlkost","False","https://img.rewe-static.de/8705042/34878462_digital-image.png"
"Block House American Burger Special Size 500g, 4 Stück","Block House","4009286231029","5.99","4x125g (1 kg = 11,98 €)","Tiefkühlkost","True","https://img.rewe-static.de/0560931/28787638_digital-image.png"
"REWE Beste Wahl Mini Donuts 273g","REWE Beste Wahl","4388844147935","2.49","273g (1 kg = 9,12 €)","Tiefkühlkost","False","https://img.rewe-static.de/2146674/23101944_digital-image.png"
"REWE Beste Wahl Buttercroissants 360g","REWE Beste Wahl","4337256743969","3.79","360g (1 kg = 10,53 €)","Tiefkühlkost","False","https://img.rewe-static.de/7293036/28435059_digital-image.png"
"Nestlé Pirulo Eis Tropical 280ml","Nestlé","5010238022786","3.99","280ml (1 l = 14,25 €)","Tiefkühlkost","False","https://img.rewe-static.de/7600075/42406137_digital-image.png"
"Coppenrath & Wiese 6 Land-Brötchen 400g","Conditorei Coppenrath & Wiese","4008577006223","3.29","400g (1 kg = 8,23 €)","Tiefkühlkost","False","https://img.rewe-static.de/2708076/24961597_digital-image.png"
"REWE Bio Himbeeren tiefgefroren 300g","REWE Bio","4337256200103","2.99","300g (1 kg = 9,97 €)","Tiefkühlkost","False","https://img.rewe-static.de/0741455/5283770_digital-image.png"
"Iglo Schlemmerfilet Rahmspinat 380g","Iglo","4250241207799","4.49","380g (1 kg = 11,82 €)","Tiefkühlkost","False","https://img.rewe-static.de/8223171/29389747_digital-image.png"
"Nuii Coconut & Indian Mango 3x90ml","Nuii","5900130034669","3.79","270ml (1 l = 14,04 €)","Tiefkühlkost","False","https://img.rewe-static.de/8006884/31235486_digital-image.png"
"REWE frei von Mini-Windbeutel glutenfrei 250g","REWE frei von","4337256723862","2.79","250g (1 kg = 11,16 €)","Tiefkühlkost","False","https://img.rewe-static.de/8126918/29363390_digital-image.png"
"Iglo Green Cuisine Chicken Dinos vegan 250g","Iglo","4250241209205","3.29","250g (1 kg = 13,16 €)","Tiefkühlkost","False","https://img.rewe-static.de/7797454/35752153_digital-image.png"
"REWE Bio Holzofenpizza Spinat-Feta 410g","REWE Bio","4337256317498","3.49","410g (1 kg = 8,51 €)","Tiefkühlkost","False","https://img.rewe-static.de/7866921/35114085_digital-image.png"
"REWE Bio Holzofenpizza Vegetariana 410g","REWE Bio","4337256306980","3.49","410g (1 kg = 8,51 €)","Tiefkühlkost","False","https://img.rewe-static.de/8643029/35114093_digital-image.png"
"REWE Beste Wahl Wok-Mix 750g","REWE Beste Wahl","4337256690485","1.99","750g (1 kg = 2,65 €)","Tiefkühlkost","False","https://img.rewe-static.de/0157178/25137905_digital-image.png"
"Elvis Eis Biscotto Napolitano 400ml","NA","4260733450008","5.99","400ml (1 l = 14,98 €)","Tiefkühlkost","False","https://img.rewe-static.de/7817094/35384253_digital-image.png"
"REWE Bio Roggenbrötchen 6 Stück 420g","REWE Bio","4337256314312","2.29","420g (1 kg = 5,45 €)","Tiefkühlkost","False","https://img.rewe-static.de/0321145/3815050_digital-image.png"
"REWE Bio Kaisergemüse 450g","REWE Bio","4337256193016","1.79","450g (1 kg = 3,98 €)","Tiefkühlkost","False","https://img.rewe-static.de/7283403/34995232_digital-image.png"
"REWE Bio Beerenmix tiefgefroren 300g","REWE Bio","4337256413732","2.69","300g (1 kg = 8,97 €)","Tiefkühlkost","False","https://img.rewe-static.de/8341949/30464739_digital-image.png"
"REWE Bio Buttergemüse 300g","REWE Bio","4337256149310","1.69","300g (1 kg = 5,63 €)","Tiefkühlkost","False","https://img.rewe-static.de/1136740/11748930_digital-image.png"
"REWE Beste Wahl Wildlachsfilets 250g","REWE Beste Wahl","4337256745581","4.49","250g (1 kg = 17,96 €)","Tiefkühlkost","False","https://img.rewe-static.de/7944516/32488559_digital-image.png"
"Magnum Eis Yoghurt & Raspberry 6x100ml","Magnum","8711327610699","5.49","6x100ml (1 l = 9,15 €)","Tiefkühlkost","False","https://img.rewe-static.de/7600699/42525881_digital-image.png"
"Nordfrost Crushed Ice 2kg","NA","4044622489252","2.49","2kg (1 kg = 1,25 €)","Tiefkühlkost","False","https://img.rewe-static.de/8486728/39283036_digital-image.png"
"MÄLZER&FU NUTTY Ice Cream Corn Flakes Milk 500ml","MÄLZER&FU","4260158881487","5.99","500ml (1 l = 11,98 €)","Tiefkühlkost","False","https://img.rewe-static.de/7569152/44143483_digital-image.png"
"REWE Bio Edamame ohne Schote 300g","REWE Bio","4337256129329","3.59","300g (1 kg = 11,97 €)","Tiefkühlkost","False","https://img.rewe-static.de/8363050/30244985_digital-image.png"
"REWE Beste Wahl Sauerkirschen ganz 300g","REWE Beste Wahl","4337256799966","2.49","300g (1 kg = 8,30 €)","Tiefkühlkost","False","https://img.rewe-static.de/8856174/37646642_digital-image.png"
"Iglo Chicken Nuggets Classic 250g","Iglo","4250241209724","3.99","250g (1 kg = 15,96 €)","Tiefkühlkost","False","https://img.rewe-static.de/9102046/43858289_digital-image.png"
"Iglo Feine Landschnitzel nach Wiener Art 350g","Iglo","4250241204422","5.49","350g (1 kg = 15,69 €)","Tiefkühlkost","False","https://img.rewe-static.de/1412463/23325799_digital-image.png"
"REWE Bio Naturland White Tiger Garnelen 256g","REWE Bio","4337256365017","7.79","256g (1 kg = 30,43 €)","Tiefkühlkost","False","https://img.rewe-static.de/7850536/36084418_digital-image.png"
"Actipan Das Vollkornbrötchen 570g, 6 Stück","NA","4260133619142","2.49","570g (1 kg = 4,37 €)","Tiefkühlkost","False","https://img.rewe-static.de/3244251/26205162_digital-image.png"
"Frosta Hackbällchen Pfanne 450g","Frosta","4008366003686","4.69","450g (1 kg = 10,42 €)","Tiefkühlkost","False","https://img.rewe-static.de/9008064/41756051_digital-image.png"
"REWE Bio 6-Kräuter 50g","REWE Bio","4337256413510","0.99","50g (1 kg = 19,80 €)","Tiefkühlkost","False","https://img.rewe-static.de/0184647/3420000_digital-image.png"
"Original Wagner Piccolinis Tomate Mozzarella 270g","Original Wagner","4009233014446","3.49","270g (1 kg = 12,93 €)","Tiefkühlkost","False","https://img.rewe-static.de/0070818/10868040_digital-image.png"
"REWE Beste Wahl Feinschmecker Hähnchen 1200g","REWE Beste Wahl","4388860022308","5.79","1200g (1 kg = 4,83 €)","Tiefkühlkost","False","https://img.rewe-static.de/7097929/28149893_digital-image.png"
"Gustavo Gusto Pizza Salame 460g","Gustavo Gusto","4260414150470","4.69","460g (1 kg = 10,20 €)","Tiefkühlkost","False","https://img.rewe-static.de/2932532/26067397_digital-image.png"
"Dr. Oetker Ristorante Pizza Salame Glutenfrei 315g","Dr. Oetker","4001724022473","3.89","315g (1 kg = 12,35 €)","Tiefkühlkost","False","https://img.rewe-static.de/2968031/26505226_digital-image.png"
"Frosta Pappardelle Crème Spinaci 500g","Frosta","4008366008858","4.69","500g (1 kg = 9,38 €)","Tiefkühlkost","False","https://img.rewe-static.de/1312780/24967975_digital-image.png"
"Iglo Schlemmer-Filet à la Bordelaise Knusprig Kross 380g","Iglo","4250241208192","4.49","380g (1 kg = 11,82 €)","Tiefkühlkost","False","https://img.rewe-static.de/8386704/30584029_digital-image.png"
"Original Wagner Piccolinis Schinken 270g","Original Wagner","4009233014026","3.49","270g (1 kg = 12,93 €)","Tiefkühlkost","False","https://img.rewe-static.de/2418177/3836230_digital-image.png"
"Kinder Schokolade Eis 4x55ml","Kinder","8000500406427","3.59","220ml (1 l = 16,32 €)","Tiefkühlkost","False","https://img.rewe-static.de/8900568/38489736_digital-image.png"
"Iglo Tagliatelle Pilz-Pfanne 450g","Iglo","4250241206778","3.59","450g (1 kg = 7,98 €)","Tiefkühlkost","False","https://img.rewe-static.de/2724349/24811762_digital-image.png"
"Langnese Twister Mini 400ml","Langnese","8711327576810","2.49","400ml (1 l = 6,23 €)","Tiefkühlkost","True","https://img.rewe-static.de/8903647/38472864_digital-image.png"
"Iglo Lachs-Stäbchen 224g, 8 Stück","Iglo","4250241204958","4.49","224g (1 kg = 20,04 €)","Tiefkühlkost","False","https://img.rewe-static.de/1914487/24972142_digital-image.png"
"Magnum Eis Classic Almond White Chocolate 580ml","Magnum","8711327621107","5.49","580ml (1 l = 9,47 €)","Tiefkühlkost","False","https://img.rewe-static.de/7605864/44044672_digital-image.png"
"Coppenrath & Wiese Sahne Rolle Erdbeer 350g","Conditorei Coppenrath & Wiese","4008577003260","3.49","350g (1 kg = 9,97 €)","Tiefkühlkost","False","https://img.rewe-static.de/7157921/27193718_digital-image.png"
"Frosta Hähnchen-Curry 500g","Frosta","4008366001347","4.69","500g (1 kg = 9,38 €)","Tiefkühlkost","False","https://img.rewe-static.de/0151850/25045391_digital-image.png"
"REWE Beste Wahl Fischburger Alaska-Seelachs 4x62,5g, 250g","REWE Beste Wahl","4337256499163","1.49","250g (1 kg = 5,96 €)","Tiefkühlkost","False","https://img.rewe-static.de/8069624/29846415_digital-image.png"
"REWE Beste Wahl Reis-Wildlachs-Pfanne 750g","REWE Beste Wahl","4388860403299","3.69","750g (1 kg = 4,92 €)","Tiefkühlkost","False","https://img.rewe-static.de/3029456/26184383_digital-image.png"
"Snickers White Ice Cream 223ml","Snickers","5000159548144","3.29","223ml (1 l = 14,75 €)","Tiefkühlkost","False","https://img.rewe-static.de/8908041/39348923_digital-image.png"
"Gustavo Gusto Ghostbusters New York Style Pizza 465g","Gustavo Gusto","4260414153068","4.69","465g (1 kg = 10,09 €)","Tiefkühlkost","False","https://img.rewe-static.de/9066275/42627777_digital-image.png"
"Mövenpick Eis Bourbon Vanille 900ml","Mövenpick","7613036107365","3.99","900ml (1 l = 4,43 €)","Tiefkühlkost","False","https://img.rewe-static.de/7203058/27435048_digital-image.png"
"Dr. Oetker Bistro Baguette Hawaii 250g","Dr. Oetker","4001724038177","2.29","250g (1 kg = 9,16 €)","Tiefkühlkost","False","https://img.rewe-static.de/7829468/35069080_digital-image.png"
"Iglo Chicken Nuggets Safari Mix 250g","Iglo","4250241209731","3.99","250g (1 kg = 15,96 €)","Tiefkühlkost","False","https://img.rewe-static.de/9096258/43858252_digital-image.png"
"Original Wagner Die Backfrische Mozzarella 350g","Original Wagner","4009233006847","3.49","350g (1 kg = 9,97 €)","Tiefkühlkost","False","https://img.rewe-static.de/0878564/26347635_digital-image.png"
"Original Wagner Big City Pizza Budapest 400g","Original Wagner","7613035492752","3.49","400g (1 kg = 8,73 €)","Tiefkühlkost","False","https://img.rewe-static.de/2670547/29010095_digital-image.png"
"REWE Beste Wahl High Protein Eis Double Chocolate 500ml","REWE Beste Wahl","4337256105941","2.79","500ml (1 l = 5,58 €)","Tiefkühlkost","False","https://img.rewe-static.de/8475285/32131775_digital-image.png"
"REWE Beste Wahl Tempura Garnelen 200g","REWE Beste Wahl","4337256676328","3.99","200g (1 kg = 19,95 €)","Tiefkühlkost","False","https://img.rewe-static.de/8660868/34747488_digital-image.png"
"Iglo Rosenkohl 400g","Iglo","4250241204651","2.79","400g (1 kg = 6,98 €)","Tiefkühlkost","False","https://img.rewe-static.de/1905401/28664957_digital-image.png"
"Dr. Oetker La Mia Grande Pizza Margherita 360g","Dr. Oetker","4001724027195","4.19","360g (1 kg = 11,64 €)","Tiefkühlkost","False","https://img.rewe-static.de/7211383/27467657_digital-image.png"
"Conditorei Coppenrath & Wiese Käse-Sahne Mandarine Kuchen 560g","Conditorei Coppenrath & Wiese","4008577020526","5.49","560g (1 kg = 9,80 €)","Tiefkühlkost","False","https://img.rewe-static.de/8876415/38532518_digital-image.png"
"Iglo Filegro Crunch 'n' Fisch 250g","Iglo","4250241205245","4.49","250g (1 kg = 17,96 €)","Tiefkühlkost","False","https://img.rewe-static.de/2033122/21679547_digital-image.png"
"REWE Beste Wahl Hähnchen Grillpfanne 1100g","REWE Beste Wahl","4337256111966","5.99","1100g (1 kg = 5,45 €)","Tiefkühlkost","False","https://img.rewe-static.de/2842541/27987906_digital-image.png"
"Mövenpick Eis Maple Walnuts 900ml","Mövenpick","7613036170819","3.99","900ml (1 l = 4,43 €)","Tiefkühlkost","False","https://img.rewe-static.de/7203755/27435050_digital-image.png"
"Coppenrath & Wiese Blechkuchen Schwarzwälder-Kirsch 500g","Conditorei Coppenrath & Wiese","4008577020250","5.49","500g (1 kg = 10,98 €)","Tiefkühlkost","False","https://img.rewe-static.de/2146516/24827380_digital-image.png"
"Iglo Filegro Rosmarin-Zitrone 250g","Iglo","4250241200714","4.49","250g (1 kg = 17,96 €)","Tiefkühlkost","False","https://img.rewe-static.de/0458099/21691389_digital-image.png"
"Dr. Oetker La Mia Pinsa Rucola, Tomaten, Mozzarella & Pecorino 315g","Dr. Oetker","4001724043195","3.69","315g (1 kg = 11,71 €)","Tiefkühlkost","False","https://img.rewe-static.de/7781701/36048997_digital-image.png"
"Magnum Euphoria Eis Pink Lemonade 3x90ml","Magnum","8711327623057","3.99","270ml (1 l = 14,78 €)","Tiefkühlkost","False","https://img.rewe-static.de/9044769/42392029_digital-image.png"
"REWE Beste Wahl Prinzessbohnen im Speckmantel 360g","REWE Beste Wahl","4337256852883","3.99","360g (1 kg = 11,08 €)","Tiefkühlkost","False","https://img.rewe-static.de/7569539/44315852_digital-image.png"
"REWE Beste Wahl Rahm-Erbsen mit Karotten 500g","REWE Beste Wahl","4337256695886","1.69","500g","Tiefkühlkost","False","https://img.rewe-static.de/7648123/41497290_digital-image.png"
"Magnum Eis Double Sunlover 3x85ml","Magnum","8711327582408","3.99","255ml (1 l = 15,65 €)","Tiefkühlkost","False","https://img.rewe-static.de/7701022/38446822_digital-image.png"
"Snack Master Mikrowellenpommes 140g","NA","4006934778721","1.49","140g (1 kg = 10,64 €)","Tiefkühlkost","False","https://img.rewe-static.de/8399508/31310000_digital-image.png"
"Followfood Wildlachs Filetspitzen 360g","Followfood","4250073461659","7.99","360g","Tiefkühlkost","False","https://img.rewe-static.de/9055458/43840496_digital-image.png"
"Mövenpick Eis Fürst Pückler Art 900ml","Mövenpick","7613036106726","3.99","900ml (1 l = 4,43 €)","Tiefkühlkost","False","https://img.rewe-static.de/7202983/28282537_digital-image.png"
"Iglo Filegro Bier-Backteig Knuspriger Backteig 240g","Iglo","4250241203746","4.49","240g (1 kg = 18,71 €)","Tiefkühlkost","False","https://img.rewe-static.de/1240744/23745184_digital-image.png"
"REWE Beste Wahl Pazifische Schollenfilets 250g","REWE Beste Wahl","4337256527361","3.79","250g (1 kg = 15,16 €)","Tiefkühlkost","False","https://img.rewe-static.de/8292239/29725565_digital-image.png"
"Original Wagner Die Backfrische Thunfisch 340g","Original Wagner","4009233006854","3.49","340g (1 kg = 10,26 €)","Tiefkühlkost","False","https://img.rewe-static.de/0878565/22435369_digital-image.png"
"Gustavo Gusto Pizza Vier Käse für ein Halleluja 430g","Gustavo Gusto","4260414150531","4.69","430g (1 kg = 10,91 €)","Tiefkühlkost","False","https://img.rewe-static.de/8506806/35772695_digital-image.png"
"Dovgan Taschki Mischki Teigtaschen Schweinefleisch 400g","Dovgan","4032549045750","3.49","400g (1 kg = 8,73 €)","Tiefkühlkost","False","https://img.rewe-static.de/9973385/44740020_digital-image.png"
"Mekkafood Kebab aus Hähnchenfleisch 300g","Mekkafood","4026279970000","5.29","300g (1 kg = 17,63 €)","Tiefkühlkost","False","https://img.rewe-static.de/3138108/33071225_digital-image.png"
"Iglo Filegro Brezel Panade 250g","Iglo","4250241207942","4.49","250g (1 kg = 17,96 €)","Tiefkühlkost","False","https://img.rewe-static.de/8081720/29408860_digital-image.png"
"Original Wagner Die Backfrische Pizza Speciale mit Frühlingskräuter-Pesto 360g","Original Wagner","4009233006816","3.49","360g (1 kg = 9,69 €)","Tiefkühlkost","False","https://img.rewe-static.de/0878567/26587401_digital-image.png"
"Lekker&Anders Turkish Pizza Lahmacun 2x180g","Lekker&Anders","4026279922252","2.99","360g (1 kg = 8,31 €)","Tiefkühlkost","False","https://img.rewe-static.de/9048115/43926509_digital-image.png"
"Hitschies Saure Drachenzungen Wassereis 5x160ml","hitschies","4003840004036","4.99","800ml (1 l = 6,24 €)","Tiefkühlkost","False","https://img.rewe-static.de/9182060/43133889_digital-image.png"
"Conditorei Coppenrath & Wiese Kleines Fest Himbeer-Sahne-Torte 560g","Conditorei Coppenrath & Wiese","4008577002041","6.99","560g","Tiefkühlkost","False","https://img.rewe-static.de/7649731/44010002_digital-image.png"
"REWE Beste Wahl High Protein Eis Cookies & Cream 500ml","REWE Beste Wahl","4337256342100","2.79","500ml (1 l = 5,58 €)","Tiefkühlkost","False","https://img.rewe-static.de/7856904/34400847_digital-image.png"
"Langnese Viennetta Vanille Eis 650 ml","Langnese","8000920200025","2.89","650ml (1 l = 4,45 €)","Tiefkühlkost","False","https://img.rewe-static.de/3804534/36303156_digital-image.png"
"REWE Beste Wahl Zupfkuchen 500g","REWE Beste Wahl","4337256828017","3.79","500g (1 kg = 7,58 €)","Tiefkühlkost","False","https://img.rewe-static.de/1293391/23302662_digital-image.png"
"Followfish Wildlachs Filet ohne Haut 200g","Followfish","4250073454729","6.49","200g (1 kg = 32,45 €)","Tiefkühlkost","False","https://img.rewe-static.de/8255013/29000118_digital-image.png"
"Iglo Chicken Dippers 220g","Iglo","4250241209755","3.99","220g (1 kg = 18,14 €)","Tiefkühlkost","False","https://img.rewe-static.de/9097729/44773504_digital-image.png"
"Iglo Würzspinat mit Zwiebeln 500g","Iglo","4250241202831","2.99","500g (1 kg = 5,98 €)","Tiefkühlkost","False","https://img.rewe-static.de/0951482/23749343_digital-image.png"
"De Beukelaer Eiswaffeln Vanille 20 Stück 50g","De Beukelaer","4001518110843","1.49","50g (1 kg = 29,80 €)","Tiefkühlkost","False","https://img.rewe-static.de/2955696/25998427_digital-image.png"
"Iglo Apfel-Rotkohl 750g","Iglo","4250241207140","2.69","750g (1 kg = 3,59 €)","Tiefkühlkost","False","https://img.rewe-static.de/2968928/26178714_digital-image.png"
"Iglo Gemüse Ideen Asia Wok Mix 480g","Iglo","4250241201308","3.29","480g (1 kg = 6,85 €)","Tiefkühlkost","False","https://img.rewe-static.de/0529476/23745732_digital-image.png"
"Mövenpick Triple Choc 800ml","Mövenpick","4008211004363","3.99","800ml (1 l = 4,99 €)","Tiefkühlkost","False","https://img.rewe-static.de/8901689/38472567_digital-image.png"
"REWE Beste Wahl Apfelrotkohl 450g","REWE Beste Wahl","4388860493443","1.79","450g (1 kg = 3,98 €)","Tiefkühlkost","False","https://img.rewe-static.de/0157075/31359151_digital-image.png"
"Coppenrath & Wiese Hot Chocolate Brownie 465g","Conditorei Coppenrath & Wiese","4008577006872","4.99","465g (1 kg = 10,73 €)","Tiefkühlkost","False","https://img.rewe-static.de/7157633/27281334_digital-image.png"
"Cookie Bros Churros 240g","Cookie Bros.","4260611590987","3.79","240g (1 kg = 15,79 €)","Tiefkühlkost","False","https://img.rewe-static.de/7718119/37721841_digital-image.png"
"Conditorei Coppenrath & Wiese Spaghetti Erdbeer Torte 360g","Conditorei Coppenrath & Wiese","4008577020649","4.99","360g (1 kg = 13,86 €)","Tiefkühlkost","False","https://img.rewe-static.de/9053275/43025664_digital-image.png"
"REWE Beste Wahl Barbarie Entenbrustfilet 400g","REWE Beste Wahl","4388860002751","7.99","400g (1 kg = 19,98 €)","Tiefkühlkost","False","https://img.rewe-static.de/7073649/27357203_digital-image.png"
"Magnum Eis White Chocolate & Cookies 4x90 ml","Magnum","8717163690475","3.99","4x90ml (1 l = 11,08 €)","Tiefkühlkost","False","https://img.rewe-static.de/8098962/42599100_digital-image.png"
"Iglo Schlemmerfilet Brokkoli in milder Senfsauce 380g","Iglo","4250241207522","4.49","380g (1 kg = 11,82 €)","Tiefkühlkost","False","https://img.rewe-static.de/7204684/27810298_digital-image.png"
"Coppenrath & Wiese Sahne-Marzipan-Torte 1,25kg","Conditorei Coppenrath & Wiese","4008577000450","15.49","1250g (1 kg = 12,39 €)","Tiefkühlkost","False","https://img.rewe-static.de/2803372/3143250_digital-image.png"
"Mekkafood Chicken Tenders 450g","Mekkafood","4026279974602","6.99","450g (1 kg = 15,53 €)","Tiefkühlkost","False","https://img.rewe-static.de/3648712/32685865_digital-image.png"
"Iglo Schlemmerfilet Champignon 380g","Iglo","4250241204118","4.49","380g (1 kg = 11,82 €)","Tiefkühlkost","False","https://img.rewe-static.de/1448191/21699610_digital-image.png"
"REWE Bio Naturland Black Tiger Garnelen 256g","REWE Bio","4337256542821","7.79","256g (1 kg = 30,43 €)","Tiefkühlkost","False","https://img.rewe-static.de/8670061/36086226_digital-image.png"
"Block House Steak Pfanne Teriyaki 470g","Block House","4009286154700","6.49","470g (1 kg = 13,81 €)","Tiefkühlkost","False","https://img.rewe-static.de/7598687/43399402_digital-image.png"
"Milka Eis Caramel Crunch 3x90ml","Milka","5900130038513","3.39","3x90ml (1 l = 12,56 €)","Tiefkühlkost","False","https://img.rewe-static.de/8961520/38070429_digital-image.png"
"Die Schnitzelmacher Wiener Kalbsschnitzel 360g","NA","4026103580818","6.99","360g (1 kg = 19,42 €)","Tiefkühlkost","False","https://img.rewe-static.de/7782614/36436128_digital-image.png"
"Mövenpick Salted Caramel Eis 800ml","Mövenpick","4008211004349","3.99","800ml (1 l = 4,99 €)","Tiefkühlkost","False","https://img.rewe-static.de/7713567/38472507_digital-image.png"
"Ben & Jerry's and Tony's Chocolonely non dairy Chocolatey Love A Fair vegan 465ml","Ben & Jerry's","8711327626089","3.99","465ml (1 l = 8,58 €)","Tiefkühlkost","True","https://img.rewe-static.de/9062433/43972086_digital-image.png"
"Iglo Fischstäbchen 300g, 10 Stück","Iglo","4250241203517","2.99","300g (1 kg = 9,97 €)","Tiefkühlkost","False","https://img.rewe-static.de/3645517/23745728_digital-image.png"
"Original Wagner Die Backfrische Kürbis & dreierlei Pilze 375g","Original Wagner","8445290331038","3.49","375g (1 kg = 9,31 €)","Tiefkühlkost","False","https://img.rewe-static.de/8783501/40327924_digital-image.png"
"Frosta Tagliatelle Rahm Hähnchen 375g","Frosta","4008366017317","1.99","375g (1 kg = 5,31 €)","Tiefkühlkost","True","https://img.rewe-static.de/8803590/35803495_digital-image.png"
"Iglo Gemüse-Ideen Schwedische Art 400g","Iglo","4250241206365","3.29","400g (1 kg = 8,23 €)","Tiefkühlkost","False","https://img.rewe-static.de/2464986/33383138_digital-image.png"
"Dr. Oetker Pizza Suprema Margherita 475g","Dr. Oetker","4001724049913","3.99","475g (1 kg = 8,40 €)","Tiefkühlkost","True","https://img.rewe-static.de/9977185/44315103_digital-image.png"
"Frosta Gemüse Pfanne à la Provence 480g","Frosta","4008366006953","1.99","480g (1 kg = 4,15 €)","Tiefkühlkost","True","https://img.rewe-static.de/1029303/8450490_digital-image.png"
"REWE Beste Wahl Vegane Burger Patties 230g","REWE Beste Wahl","4337256319409","1.99","230g (1 kg = 8,65 €)","Tiefkühlkost","False","https://img.rewe-static.de/8645362/34863499_digital-image.png"
"REWE Beste Wahl Pangasiusfilets tiefgefroren 3-4 Filets 475g","REWE Beste Wahl","4337256504799","3.99","475g (1 kg = 8,40 €)","Tiefkühlkost","False","https://img.rewe-static.de/3064278/26532993_digital-image.png"
"Dr. Oetker Ristorante Pizza Quattro Formaggi 340g","Dr. Oetker","4001724038870","3.49","340g (1 kg = 10,26 €)","Tiefkühlkost","False","https://img.rewe-static.de/7827137/34878386_digital-image.png"
"Kinder Bueno Eis White 4x62g","Kinder","8000500384718","3.59","4x90g (1 l = 9,97 €)","Tiefkühlkost","False","https://img.rewe-static.de/8699762/35289228_digital-image.png"
"REWE Beste Wahl Cinnamon Roll Eiscreme 500ml","REWE Beste Wahl","4337256755726","2.49","500ml (1 l = 4,98 €)","Tiefkühlkost","False","https://img.rewe-static.de/9028783/42584940_digital-image.png"
"REWE Beste Wahl Nuggets mit Sweet Chili & Süß-Sauer Dip vegan 300g","REWE Beste Wahl","4337256690195","2.29","300g (1 kg = 7,63 €)","Tiefkühlkost","False","https://img.rewe-static.de/7648597/41568838_digital-image.png"
"Coppenrath & Wiese Kuchenvielfalt fruchtig & schokoladig 840g","Conditorei Coppenrath & Wiese","4008577020915","8.99","840g (1 kg = 10,70 €)","Tiefkühlkost","False","https://img.rewe-static.de/8688825/35571571_digital-image.png"
"Langnese Twister Mini Tropical 400ml","Langnese","8711327626997","2.49","400ml (1 l = 6,23 €)","Tiefkühlkost","True","https://img.rewe-static.de/9047694/42941039_digital-image.png"
"REWE Beste Wahl Atlantisches Kabeljaufilet 3-6 Filets, 475g","REWE Beste Wahl","4337256269162","6.19","475g (1 kg = 13,03 €)","Tiefkühlkost","False","https://img.rewe-static.de/7283951/28591701_digital-image.png"
"Cremissimo Eis Stracciatella 825ml","Cremissimo","8711327622814","3.99","825ml (1 l = 4,84 €)","Tiefkühlkost","False","https://img.rewe-static.de/9061993/42760480_digital-image.png"
"McCain Steakhouse Frites 650g","McCain","8710438105117","1.59","650g (1 kg = 2,45 €)","Tiefkühlkost","True","https://img.rewe-static.de/2895121/27927890_digital-image.png"
"REWE Feine Welt Pistazieneiscreme 480ml","REWE Feine Welt","4337256241519","2.99","480ml (1 l = 6,23 €)","Tiefkühlkost","False","https://img.rewe-static.de/2849654/25367136_digital-image.png"
"Coppenrath & Wiese Tortenstücke Unsere Besten 800g","Conditorei Coppenrath & Wiese","4008577004014","15.49","800g (1 kg = 19,36 €)","Tiefkühlkost","False","https://img.rewe-static.de/8322579/29982512_digital-image.png"
"Cubers Ice Balls 1kg","NA","4260042350594","3.79","1kg","Tiefkühlkost","False","https://img.rewe-static.de/3515031/33590056_digital-image.png"
"McCain Rösti 550g","McCain","8710438118339","2.99","550g (1 kg = 5,44 €)","Tiefkühlkost","False","https://img.rewe-static.de/8000091/31488015_digital-image.png"
"Original Wagner Big City Pizza Amsterdam 410g","Original Wagner","7613036643641","3.49","410g (1 kg = 8,51 €)","Tiefkühlkost","False","https://img.rewe-static.de/8270926/29103741_digital-image.png"
"Kronenhof Junge Ente HKL A 2,2kg","Kronenhof","5992870028121","13.18","2200g (1 kg = 5,99 €)","Tiefkühlkost","False","https://img.rewe-static.de/3149412/6820110_digital-image.png"
"McCain Pommes Frites Golden Longs 600g","McCain","8710438105087","1.59","600g (1 kg = 2,65 €)","Tiefkühlkost","True","https://img.rewe-static.de/2895090/27927886_digital-image.png"
"REWE Beste Wahl Eisrolle Fürst Pückler Art 1000ml","REWE Beste Wahl","4337256856980","2.49","1000ml","Tiefkühlkost","False","https://img.rewe-static.de/9113538/44475057_digital-image.png"
"Magnum Eis Mini Almond 6x55ml","Magnum","8711327611924","3.99","330ml (1 l = 12,09 €)","Tiefkühlkost","False","https://img.rewe-static.de/9045265/42905557_digital-image.png"
"Original Wagner Big City Pizza Sydney 425g","Original Wagner","7613035492677","3.49","425g (1 kg = 8,21 €)","Tiefkühlkost","False","https://img.rewe-static.de/2670477/29010271_digital-image.png"
"Original Wagner Big City Pizza Kansas 450g","Original Wagner","4009233000012","3.49","450g (1 kg = 7,76 €)","Tiefkühlkost","False","https://img.rewe-static.de/9940457/45647283_digital-image.png"
"Stolle Brathähnchen mit Innereien tiefgefroren 1,3kg","Stolle","4013884113403","5.69","1300g (1 kg = 4,38 €)","Tiefkühlkost","False","https://img.rewe-static.de/5827876/23174445_digital-image.png"
"Iglo Green Cuisine Chicken Nuggets vegan 250g","Iglo","4250241208628","3.29","250g (1 kg = 13,16 €)","Tiefkühlkost","False","https://img.rewe-static.de/8497080/31892360_digital-image.png"
"Luna Deutsches Suppenhuhn 1,1kg","Luna","4001350302048","2.99","1100g (1 kg = 2,72 €)","Tiefkühlkost","False","https://img.rewe-static.de/0506214/13288500_digital-image.png"
"Tulip Suppeneinlagen Mehlklößchen 450g","Tulip","5741300024048","1.99","450g (1 kg = 4,42 €)","Tiefkühlkost","False","https://img.rewe-static.de/0864765/24106482_digital-image.png"
"Dr. Oetker Pizza Tradizionale Spinaci e Ricotta 415g","Dr. Oetker","4001724038566","3.69","415g (1 kg = 8,89 €)","Tiefkühlkost","False","https://img.rewe-static.de/8704636/35088963_digital-image.png"
"Mövenpick Zitronensorbet 850ml","Mövenpick","4008211004400","3.99","850ml (1 l = 4,69 €)","Tiefkühlkost","False","https://img.rewe-static.de/8886007/37945554_digital-image.png"
"REWE Beste Wahl Blätterteig 450g","REWE Beste Wahl","4337256728201","1.49","450g (1 kg = 3,31 €)","Tiefkühlkost","False","https://img.rewe-static.de/0160583/22861039_digital-image.png"
"REWE Bio Grünkohl 600g","REWE Bio","4337256300896","2.19","600g (1 kg = 3,65 €)","Tiefkühlkost","False","https://img.rewe-static.de/8628119/34487891_digital-image.png"
"Wagner Brezel Pizza Hütten Style 390g","Original Wagner","4009233000289","4.49","390g (1 kg = 11,51 €)","Tiefkühlkost","False","https://img.rewe-static.de/7576171/43927128_digital-image.png"
"REWE Bio Suppengrün 75g","REWE Bio","4337256410731","0.99","75g (1 kg = 13,20 €)","Tiefkühlkost","False","https://img.rewe-static.de/0577767/1471030_digital-image.png"
"REWE Beste Wahl Laugenbrezeln 770g","REWE Beste Wahl","4337256742658","1.99","770g (1 kg = 2,58 €)","Tiefkühlkost","False","https://img.rewe-static.de/0444702/22880447_digital-image.png"
"Dovgan Bunte Mini Pelmeni 450g","Dovgan","4032549013001","3.49","450g (1 kg = 7,76 €)","Tiefkühlkost","False","https://img.rewe-static.de/2305999/26677326_digital-image.png"
"Frosta Veggie Hühner Frikassee vegan 450g","Frosta","4008366017157","4.69","450g (1 kg = 10,42 €)","Tiefkühlkost","False","https://img.rewe-static.de/8684416/46894342_digital-image.png"
"Iglo Filegro Backfisch Happen 245g","Iglo","4250241206594","4.49","245g (1 kg = 18,33 €)","Tiefkühlkost","False","https://img.rewe-static.de/2536389/26280332_digital-image.png"
"Gustavo Gusto Pizza Margherita extra luftig 310g","Gustavo Gusto","4260414152436","3.49","310g (1 kg = 11,26 €)","Tiefkühlkost","False","https://img.rewe-static.de/7753912/37008679_digital-image.png"
"Oreo Ice Cream 270ml","Oreo","4007993033783","3.39","270ml (1 l = 12,56 €)","Tiefkühlkost","False","https://img.rewe-static.de/7714543/38070183_digital-image.png"
"REWE Beste Wahl Eis Cookie Dough vegan 500ml","REWE Beste Wahl","4337256548441","2.49","500ml (1 l = 4,98 €)","Tiefkühlkost","False","https://img.rewe-static.de/8474352/32205770_digital-image.png"
"Coppenrath & Wiese Mandel-Bienenstich Torte vegan 360g","Conditorei Coppenrath & Wiese","4008577020816","4.99","360g (1 kg = 13,86 €)","Tiefkühlkost","False","https://img.rewe-static.de/8818659/36987103_digital-image.png"
"Iglo Filegro Hausmacher Art Kusper-Panade 250g","Iglo","4250241203777","4.49","250g (1 kg = 17,96 €)","Tiefkühlkost","False","https://img.rewe-static.de/1237863/15976590_digital-image.png"
"Original Wagner Steinofen Pizza Salami 320g","Original Wagner","7613035925489","1.79","320g (1 kg = 5,59 €)","Tiefkühlkost","True","https://img.rewe-static.de/7032776/33510569_digital-image.png"
"REWE Beste Wahl Pflaumen-Streuselkuchen 600g","REWE Beste Wahl","4337256743952","3.79","600g (1 kg = 6,32 €)","Tiefkühlkost","False","https://img.rewe-static.de/1072181/25468911_digital-image.png"
"REWE Beste Wahl White Tiger Garnelen ohne Schale 450g","REWE Beste Wahl","4337256499156","8.49","450g (1 kg = 18,87 €)","Tiefkühlkost","False","https://img.rewe-static.de/8050011/30547536_digital-image.png"
"McCain Smiles 450g","McCain","8710438026283","1.59","450g (1 kg = 3,53 €)","Tiefkühlkost","True","https://img.rewe-static.de/2803038/2892920_digital-image.png"
"REWE Beste Wahl High Protein Eis Vanille Salted Caramel 500ml","REWE Beste Wahl","4337256111423","2.79","500ml (1 l = 5,58 €)","Tiefkühlkost","False","https://img.rewe-static.de/8475664/32131975_digital-image.png"
"Dr. Oetker Intermezzo Schinken mit Sauerrahm 165g","Dr. Oetker","4001724030768","2.39","165g (1 kg = 14,48 €)","Tiefkühlkost","False","https://img.rewe-static.de/8295790/29075556_digital-image.png"
"REWE Bio Mango Sorbet 500ml","REWE Bio","4337256074131","2.99","500ml (1 l = 5,98 €)","Tiefkühlkost","False","https://img.rewe-static.de/2520600/24561766_digital-image.png"
"REWE Beste Wahl Wassereis Polar Sticks 10x40ml","REWE Beste Wahl","4388860489781","0.99","400ml (1 l = 2,48 €)","Tiefkühlkost","False","https://img.rewe-static.de/7066219/27917484_digital-image.png"
"REWE Beste Wahl Erdbeerkuchen 400g","REWE Beste Wahl","4337256785457","3.79","400g (1 kg = 9,48 €)","Tiefkühlkost","False","https://img.rewe-static.de/9054256/43139912_digital-image.png"
"REWE Beste Wahl Regenbogen-Forellen 2 Stück, 500g","REWE Beste Wahl","4337256166843","5.99","500g (1 kg = 11,98 €)","Tiefkühlkost","False","https://img.rewe-static.de/8247853/28982299_digital-image.png"
"Langnese Eis Kids Mix 8 Stück 398ml","Langnese","8711327592469","3.99","398ml (1 l = 10,03 €)","Tiefkühlkost","False","https://img.rewe-static.de/8970710/43939540_digital-image.png"
"REWE Beste Wahl Wildlachs im Blätterteig 300g","REWE Beste Wahl","4337256836210","3.29","300g (1 kg = 10,97 €)","Tiefkühlkost","False","https://img.rewe-static.de/9196880/44475209_digital-image.png"
"Original Wagner Die Backfrische Pizza Salami mit 3 Käse & Kräutern 320g","Original Wagner","4009233006809","3.49","320g (1 kg = 10,91 €)","Tiefkühlkost","False","https://img.rewe-static.de/0878569/26347634_digital-image.png"
"McCain 1.2.3 Frites Original 1,5kg","McCain","8710438392418","4.99","1500g (1 kg = 3,33 €)","Tiefkühlkost","False","https://img.rewe-static.de/5599768/1220360_digital-image.png"
"Original Wagner Big City Pizza Tokyo 445g","Original Wagner","7613035492776","3.49","445g (1 kg = 7,84 €)","Tiefkühlkost","False","https://img.rewe-static.de/2670558/25165532_digital-image.png"
"Original Wagner Pizza Big Pizza Hawaii 435g","Original Wagner","7613035491922","3.49","435g (1 kg = 8,02 €)","Tiefkühlkost","False","https://img.rewe-static.de/2670514/29103605_digital-image.png"
"Mövenpick Eis Schwarzwälder Kirsch 900ml","Mövenpick","4008210184806","3.99","900ml (1 l = 4,43 €)","Tiefkühlkost","False","https://img.rewe-static.de/5382955/23981044_digital-image.png"
"Mövenpick Stracciatella Classico 900ml","Mövenpick","4008211002970","3.99","900ml (1 l = 4,43 €)","Tiefkühlkost","False","https://img.rewe-static.de/8725654/35463369_digital-image.png"
"REWE Beste Wahl Erdbeeren 500g","REWE Beste Wahl","4337256763301","2.99","500g (1 kg = 5,98 €)","Tiefkühlkost","False","https://img.rewe-static.de/7144888/27349423_digital-image.png"
"Ben & Jerry's Eis Netflix & Chilll'd 465ml","Ben & Jerry's","8711327386334","3.99","465ml (1 l = 8,58 €)","Tiefkühlkost","True","https://img.rewe-static.de/8023849/30964985_digital-image.png"
"Iglo Veggie Love Gemüse Curry mit Kokos-Sauce 400g","Iglo","4250241208796","3.49","400g (1 kg = 8,73 €)","Tiefkühlkost","False","https://img.rewe-static.de/8588062/33049016_digital-image.png"
"Sia Glass Schwedisches Sahneeis SaltLakrits 500ml","NA","7312690021207","3.49","500ml (1 l = 6,98 €)","Tiefkühlkost","False","https://img.rewe-static.de/2510610/24927627_digital-image.png"
"REWE Beste Wahl Zimtsterne 5x80ml","REWE Beste Wahl","4337256430265","1.99","5x80ml (1 l = 4,98 €)","Tiefkühlkost","False","https://img.rewe-static.de/7803175/35989077_digital-image.png"
"REWE Bio Junge Erbsen 450g","REWE Bio","4337256182331","1.79","450g (1 kg = 3,98 €)","Tiefkühlkost","False","https://img.rewe-static.de/2277758/23422035_digital-image.png"
"REWE Bio Zitronen Sorbet 500ml","REWE Bio","4337256076340","2.99","500ml (1 l = 5,98 €)","Tiefkühlkost","False","https://img.rewe-static.de/0535509/1077870_digital-image.png"
"REWE Feine Welt Haselnuss-Eiscreme 480ml","REWE Feine Welt","4337256375849","2.99","480ml (1 l = 6,23 €)","Tiefkühlkost","False","https://img.rewe-static.de/1075077/8963610_digital-image.png"
"Coppenrath & Wiese Erdbeer Cheesecake 900g","Conditorei Coppenrath & Wiese","4008577000085","6.79","900g (1 kg = 7,54 €)","Tiefkühlkost","False","https://img.rewe-static.de/7158754/27523972_digital-image.png"
"REWE Bio Mango gewürfelt 300g","REWE Bio","4337256557108","2.99","300g (1 kg = 9,97 €)","Tiefkühlkost","False","https://img.rewe-static.de/8873637/38509073_digital-image.png"
"Coppenrath & Wiese 9 Baguette-Brötchen 540g","Conditorei Coppenrath & Wiese","4008577006391","1.59","540g (1 kg = 2,94 €)","Tiefkühlkost","True","https://img.rewe-static.de/2666537/3406600_digital-image.png"
"McCain Chef Frites 750g","McCain","8710438090215","1.59","750g (1 kg = 2,12 €)","Tiefkühlkost","True","https://img.rewe-static.de/5019494/27927882_digital-image.png"
"Coppenrath & Wiese 9 Kaiser-Semmeln 450g","Conditorei Coppenrath & Wiese","4008577006346","1.59","450g (1 kg = 3,53 €)","Tiefkühlkost","True","https://img.rewe-static.de/3062900/27010603_digital-image.png"
"REWE Bio Portionen vom Lachsfilet 250g","REWE Bio","4337256511551","7.99","250g (1 kg = 31,96 €)","Tiefkühlkost","False","https://img.rewe-static.de/8634332/34105564_digital-image.png"
"Cornetto Strawberry 540ml","Cornetto","8711327617810","4.79","540ml (1 l = 8,87 €)","Tiefkühlkost","False","https://img.rewe-static.de/7609243/43009886_digital-image.png"
"Iglo Gemüse Ideen Italienisch 480g","Iglo","4250241201353","3.29","480g (1 kg = 6,85 €)","Tiefkühlkost","False","https://img.rewe-static.de/0529482/2971930_digital-image.png"
"Rewe Beste Wahl Mango in Würfeln 500g","REWE Beste Wahl","4337256144650","3.29","500g (1 kg = 6,58 €)","Tiefkühlkost","False","https://img.rewe-static.de/8294079/29418752_digital-image.png"
"REWE Bio Broccoli tiefgefroren 300g","REWE Bio","4337256109505","1.79","300g (1 kg = 5,97 €)","Tiefkühlkost","False","https://img.rewe-static.de/0273709/40080763_digital-image.png"
"Coppenrath & Wiese Feinste Sahne Stracciatella-Kirsch-Torte 1,4kg","Conditorei Coppenrath & Wiese","4008577004434","15.49","1400g (1 kg = 11,06 €)","Tiefkühlkost","False","https://img.rewe-static.de/0286091/29010906_digital-image.png"
"REWE Bio Rahmspinat 450g","REWE Bio","4337256645027","1.69","450g (1 kg = 3,76 €)","Tiefkühlkost","False","https://img.rewe-static.de/0871212/6227900_digital-image.png"
"Iglo Rahmspinat 500g","Iglo","4250241202817","1.99","500g (1 kg = 3,98 €)","Tiefkühlkost","False","https://img.rewe-static.de/0951469/21022292_digital-image.png"
"REWE Beste Wahl Barbarie Entenkeule 350g","REWE Beste Wahl","4388860001259","3.99","350g (1 kg = 11,40 €)","Tiefkühlkost","False","https://img.rewe-static.de/7073877/27357135_digital-image.png"
"REWE Bio Blattspinat 600g","REWE Bio","4337256476331","2.39","600g (1 kg = 3,98 €)","Tiefkühlkost","False","https://img.rewe-static.de/0871215/5878790_digital-image.png"
"REWE Beste Wahl Süsskartoffel Pommes 500g","REWE Beste Wahl","4337256155168","2.49","500g (1 kg = 4,98 €)","Tiefkühlkost","False","https://img.rewe-static.de/7057887/27071644_digital-image.png"
"Iglo Kräuter Dill 60g","Iglo","4250241208833","1.29","60g (1 kg = 21,50 €)","Tiefkühlkost","False","https://img.rewe-static.de/7836965/35150372_digital-image.png"
"Ben & Jerry's Eis Topped Salted Caramel Brownie 438ml","Ben & Jerry's","8711327370753","3.99","438ml (1 l = 9,11 €)","Tiefkühlkost","True","https://img.rewe-static.de/8023445/42393569_digital-image.png"
"Gustavo Gusto Salame Extra luftig 330g","Gustavo Gusto","4260414152443","3.49","330g (1 kg = 10,58 €)","Tiefkühlkost","False","https://img.rewe-static.de/8818697/37008681_digital-image.png"
"Iglo Veggie Love Spinat-Lasagne 400g","Iglo","4250241209663","4.29","400g (1 kg = 10,73 €)","Tiefkühlkost","False","https://img.rewe-static.de/7598543/43644878_digital-image.png"
"Iglo Apfel-Rotkohl 450g","Iglo","4250241207133","2.29","450g (1 kg = 5,09 €)","Tiefkühlkost","False","https://img.rewe-static.de/2968652/26079701_digital-image.png"
"Block House Block Burger 2x200g","Block House","4009286231036","5.99","2x200g (1 kg = 14,98 €)","Tiefkühlkost","True","https://img.rewe-static.de/0560932/23016939_digital-image.png"
"REWE Beste Wahl Champignons in Scheiben 450g","REWE Beste Wahl","4337256723749","1.59","450g (1 kg = 3,53 €)","Tiefkühlkost","False","https://img.rewe-static.de/7136380/28021043_digital-image.png"
"Iglo Rahmspinat laktosefrei 550g","Iglo","4250241206952","2.79","550g (1 kg = 5,07 €)","Tiefkühlkost","False","https://img.rewe-static.de/2817600/25183988_digital-image.png"
"REWE Beste Wahl Pommes Frites 750g","REWE Beste Wahl","4337256777117","1.69","750g (1 kg = 2,25 €)","Tiefkühlkost","False","https://img.rewe-static.de/9034801/42815061_digital-image.png"
"Frosta Penne Gorgonzola 500g","Frosta","4008366008629","4.69","500g (1 kg = 9,38 €)","Tiefkühlkost","False","https://img.rewe-static.de/1312783/25047503_digital-image.png"
"Ben & Jerry's Eis Karamel Sutra Core 465ml","Ben & Jerry's","8711327374171","3.99","465ml (1 l = 8,58 €)","Tiefkühlkost","True","https://img.rewe-static.de/8423460/43939708_digital-image.png"
"Nestlé Pirulo Frutti 5x70ml","Nestlé","4008211000877","3.99","350ml (1 l = 11,40 €)","Tiefkühlkost","False","https://img.rewe-static.de/8024447/30606093_digital-image.png"
"REWE Bio Brechbohnen 450g","REWE Bio","4337256195027","1.79","450g (1 kg = 3,98 €)","Tiefkühlkost","False","https://img.rewe-static.de/0742294/5284470_digital-image.png"
"REWE Bio Zwiebel Duo 150g","REWE Bio","4337256690423","0.99","150g (1 kg = 6,60 €)","Tiefkühlkost","False","https://img.rewe-static.de/9069350/41497371_digital-image.png"
"Iglo Rahmgemüse Königsgemüse 500g","Iglo","4250241201261","3.29","500g (1 kg = 6,58 €)","Tiefkühlkost","False","https://img.rewe-static.de/0531068/20883725_digital-image.png"
"REWE Beste Wahl Schnitzel vegan 400g","REWE Beste Wahl","4337256673273","3.39","400g (1 kg = 8,48 €)","Tiefkühlkost","False","https://img.rewe-static.de/8961953/40761977_digital-image.png"
"Block House Mini Brot Kräuterbutter 125g","Block House","4009286155141","1.49","125g (1 kg = 11,92 €)","Tiefkühlkost","False","https://img.rewe-static.de/8756879/36433452_digital-image.png"
"Dr. Oetker Ristorante Pizza Salame 320g","Dr. Oetker","4001724038900","3.49","320g (1 kg = 10,91 €)","Tiefkühlkost","False","https://img.rewe-static.de/8704774/34878457_digital-image.png"
"Iglo Rahmgemüse Kohlrabi 500g","Iglo","4250241201186","3.29","500g (1 kg = 6,58 €)","Tiefkühlkost","False","https://img.rewe-static.de/0530791/23746021_digital-image.png"
"REWE Beste Wahl Steakhouse Frites 750g","REWE Beste Wahl","4337256251310","1.59","750g (1 kg = 2,12 €)","Tiefkühlkost","False","https://img.rewe-static.de/7902451/33473594_digital-image.png"
"Dr. Oetker Bistro Baguette Salami 250g","Dr. Oetker","4001724037996","2.29","250g (1 kg = 9,16 €)","Tiefkühlkost","False","https://img.rewe-static.de/7828265/35037686_digital-image.png"
"REWE Beste Wahl Dino Nuggets vegan 250g","REWE Beste Wahl","4337256675000","2.19","250g (1 kg = 8,76 €)","Tiefkühlkost","False","https://img.rewe-static.de/8969656/40979398_digital-image.png"
"Iglo Buttergemüse 450g","Iglo","4250241209229","3.29","450g (1 kg = 7,31 €)","Tiefkühlkost","False","https://img.rewe-static.de/7757170/36085466_digital-image.png"
"Gustavo Gusto Pizza Margherita 410g","Gustavo Gusto","4260414150449","4.69","410g (1 kg = 11,44 €)","Tiefkühlkost","False","https://img.rewe-static.de/2740246/25140853_digital-image.png"
"Original Wagner Piccolinis Thunfisch 270g","Original Wagner","4009233014910","3.49","270g (1 kg = 12,93 €)","Tiefkühlkost","False","https://img.rewe-static.de/2869870/20371716_digital-image.png"
"Block House Cheese Burger 2x160g","Block House","4009286154410","5.99","2x160g (1 kg = 18,72 €)","Tiefkühlkost","True","https://img.rewe-static.de/8770862/35998390_digital-image.png"
"Nordfrost Ice Tubes 2kg","NA","4044622489214","2.49","2kg (1 kg = 1,25 €)","Tiefkühlkost","False","https://img.rewe-static.de/8483987/40796992_digital-image.png"
"Dr. Oetker Intermezzo Thunfisch mit Zwiebeln 185g","Dr. Oetker","4001724030706","2.39","185g (1 kg = 12,92 €)","Tiefkühlkost","False","https://img.rewe-static.de/8267909/29038631_digital-image.png"
"Ardo Porree 1kg","Ardo","5411361250501","1.99","1000g","Tiefkühlkost","False","https://img.rewe-static.de/8427803/30964935_digital-image.png"
"Dr. Oetker Bistro Baguette à la Provence 250g","Dr. Oetker","4001724038238","2.29","250g (1 kg = 9,16 €)","Tiefkühlkost","False","https://img.rewe-static.de/7827887/35037702_digital-image.png"
"Daim Stieleis 270ml","Daim","4007993033769","3.39","270ml (1 l = 12,56 €)","Tiefkühlkost","False","https://img.rewe-static.de/8950110/38070383_digital-image.png"
"Original Wagner Steinofen Pizza Peperoni 320g","Original Wagner","4009233003556","1.79","320g (1 kg = 5,59 €)","Tiefkühlkost","True","https://img.rewe-static.de/5897726/26588962_digital-image.png"
"Iglo Green Cuisine Blubb Sticks 340g","Iglo","4250241209502","3.29","340g (1 kg = 9,68 €)","Tiefkühlkost","False","https://img.rewe-static.de/8938531/40313360_digital-image.png"
"Dr. Oetker Ristorante Pizza Mozzarella 355g","Dr. Oetker","4001724039112","3.49","355g (1 kg = 9,83 €)","Tiefkühlkost","False","https://img.rewe-static.de/7829381/34878406_digital-image.png"
"Nutella Croissant 4x85g","Nutella","8000500413654","3.99","4x85g","Tiefkühlkost","False","https://img.rewe-static.de/8956601/42691892_digital-image.png"
"Iglo Green Cuisine Süßkartoffelstäbchen vegan 354g","Iglo","4250241209335","2.99","354g (1 kg = 8,45 €)","Tiefkühlkost","False","https://img.rewe-static.de/7741114/37912546_digital-image.png"
"Dr. Oetker Pizza Suprema Calabrese & 'Ndjua Tipo 520g","Dr. Oetker","4001724049906","3.99","520g (1 kg = 7,67 €)","Tiefkühlkost","True","https://img.rewe-static.de/9977684/44315123_digital-image.png"
"ELO Frost Oldenburger Grünkohl 1,5kg","Elo Frost","4039876079021","2.99","1,50kg (1 kg = 1,99 €)","Tiefkühlkost","False","https://img.rewe-static.de/0481349/46650816_digital-image.png"
"Cremissimo Eis Bourbon Vanille 900ml","Cremissimo","8711327630895","3.99","900ml (1 l = 4,43 €)","Tiefkühlkost","False","https://img.rewe-static.de/9046419/44646308_digital-image.png"
"REWE Beste Wahl Junger Spinat 450g","REWE Beste Wahl","4337256845427","0.85","450g (1 kg = 1,89 €)","Tiefkühlkost","False","https://img.rewe-static.de/0157118/22926853_digital-image.png"
"Dr. Oetker Ristorante Pizza Pepperoni-Salame 320g","Dr. Oetker","4001724039204","3.49","320g (1 kg = 10,91 €)","Tiefkühlkost","False","https://img.rewe-static.de/7826128/34878381_digital-image.png"
"Frosta Hähnchen mit Reis süß-sauer 375g","Frosta","4008366003808","1.99","375g (1 kg = 5,31 €)","Tiefkühlkost","True","https://img.rewe-static.de/7567714/43806573_digital-image.png"
"Dr. Oetker Pizza Suprema Salame Romano 487g","Dr. Oetker","4001724049920","3.99","487g (1 kg = 8,19 €)","Tiefkühlkost","True","https://img.rewe-static.de/9977482/44315116_digital-image.png"
"Iglo Gartenerbsen Frisch vom Feld 400g","Iglo","4250241204750","2.79","400g (1 kg = 6,98 €)","Tiefkühlkost","False","https://img.rewe-static.de/1905536/23745207_digital-image.png"
"Iglo Junger Spinat fein gehackt 750g","Iglo","4250241208475","2.69","750g (1 kg = 3,59 €)","Tiefkühlkost","False","https://img.rewe-static.de/8008034/31047658_digital-image.png"
"Ben & Jerry's Eis Chocolate Fudge Brownie 465ml","Ben & Jerry's","8711327370708","3.99","465ml (1 l = 8,58 €)","Tiefkühlkost","True","https://img.rewe-static.de/8022466/43954875_digital-image.png"
"Ben & Jerry's Eis Classic Coolection 400ml","Ben & Jerry's","8711327321571","3.99","400ml (1 l = 9,98 €)","Tiefkühlkost","True","https://img.rewe-static.de/8910873/39083711_digital-image.png"
"Dr. Oetker Ristorante Pizza Salame Mozzarella Pesto 360g","Dr. Oetker","4001724039297","3.49","360g (1 kg = 9,69 €)","Tiefkühlkost","False","https://img.rewe-static.de/7828024/34878396_digital-image.png"
"Dovgan Taschki Pelmeni Teigtaschen mit Schweinefleisch 500g","Dovgan","4032549002425","3.49","500g (1 kg = 6,98 €)","Tiefkühlkost","False","https://img.rewe-static.de/5349303/3617200_digital-image.png"
"Ben & Jerrry's Eis Sundae Oh My! Banoffee Pie! 427ml","Ben & Jerry's","8711327539396","3.99","427ml (1 l = 9,34 €)","Tiefkühlkost","True","https://img.rewe-static.de/7827869/43722939_digital-image.png"
"Schwarmstedter Kartoffel-Taschen mit Frischkäse 300g","Schwarmstedter","4006181006721","2.89","300g (1 kg = 9,63 €)","Tiefkühlkost","False","https://img.rewe-static.de/8082731/3621160_digital-image.png"
"Original Schwedische Köttbullar 500g, fertig gebraten, ca. 35 Fleischbällchen","Dafgårds","7310960600749","4.99","500g (1 kg = 9,98 €)","Tiefkühlkost","False","https://img.rewe-static.de/0102669/946790_digital-image.png"
"Gustavo Gusto Pizza Prosciutto e funghi 460g","Gustavo Gusto","4260414150456","4.69","460g (1 kg = 10,20 €)","Tiefkühlkost","False","https://img.rewe-static.de/2740237/24978884_digital-image.png"
"REWE Alaska Seelachsfilet paniert 800g","REWE Beste Wahl","4337256855761","4.79","800g (1 kg = 5,99 €)","Tiefkühlkost","False","https://img.rewe-static.de/0167162/27796251_digital-image.png"
"McCain Pommes Crinkle Deluxe 550g","McCain","8710438129342","2.79","550g (1 kg = 5,07 €)","Tiefkühlkost","False","https://img.rewe-static.de/9968551/44799513_digital-image.png"
"Gustavo Gusto Pizza Salame Piccante 475g","Gustavo Gusto","4260414151422","4.69","475g (1 kg = 9,87 €)","Tiefkühlkost","False","https://img.rewe-static.de/8591524/32822315_digital-image.png"
"Dovgan Eiscreme Plombir Original 6x120ml","Dovgan","4032549002067","3.59","6x130ml (1 l = 4,60 €)","Tiefkühlkost","False","https://img.rewe-static.de/0208862/1461140_digital-image.png"
"Franui Frozen Raspberries in Milk Chocolate 150g","NA","8437020396011","4.99","150g (1 kg = 33,27 €)","Tiefkühlkost","False","https://img.rewe-static.de/9948423/45814260_digital-image.png"
"Original Wagner herzhafter Flammkuchen Käse & Lauch Vegetarisch 320g","Original Wagner","4009233003402","1.79","320g (1 kg = 5,59 €)","Tiefkühlkost","True","https://img.rewe-static.de/8193312/2840750_digital-image.png"
"Gustavo Gusto Pizza Tonno e Cipolla 475g","Gustavo Gusto","4260414150487","4.69","475g (1 kg = 9,87 €)","Tiefkühlkost","False","https://img.rewe-static.de/3251793/26481521_digital-image.png"
"Frosta Kleine Mahlzeit Paprika Sahne Hähnchen 375g","Frosta","4008366010981","1.99","375g (1 kg = 5,31 €)","Tiefkühlkost","True","https://img.rewe-static.de/2536261/24967901_digital-image.png"
"REWE Beste Wahl Gemüsepfanne Frankreich mit Kräutern der Provence 500g","REWE Beste Wahl","4337256692939","1.99","500g (1 kg = 3,98 €)","Tiefkühlkost","False","https://img.rewe-static.de/7083020/27824391_digital-image.png"
"Original Wagner Flammkuchen Elsässer Art 300g","Original Wagner","4009233003686","1.79","300g (1 kg = 5,97 €)","Tiefkühlkost","True","https://img.rewe-static.de/5617294/6645730_digital-image.png"
"Coppenrath & Wiese Donauwelle 550g","Conditorei Coppenrath & Wiese","4008577020311","5.49","550g (1 kg = 9,98 €)","Tiefkühlkost","False","https://img.rewe-static.de/0159345/1662990_digital-image.png"
"REWE Beste Wahl Norwegisches Lachsfilet ohne Haut 300g","REWE Beste Wahl","4337256380553","7.99","2x150g (1 kg = 26,63 €)","Tiefkühlkost","False","https://img.rewe-static.de/8314067/33059489_digital-image.png"
"REWE Beste Wahl Angus Burger 300g, 2 Patties","REWE Beste Wahl","4337256149259","3.99","300g (1 kg = 13,30 €)","Tiefkühlkost","False","https://img.rewe-static.de/8340533/30119966_digital-image.png"
"Cremissimo Eis Schwarzwälder Kirsch 825ml","Cremissimo","8711327617506","3.99","825ml (1 l = 4,84 €)","Tiefkühlkost","False","https://img.rewe-static.de/9046958/42760471_digital-image.png"
"Coppenrath & Wiese Café Landhaus Gedeckter Apfel 700g","Conditorei Coppenrath & Wiese","4008577020441","5.49","700g (1 kg = 7,84 €)","Tiefkühlkost","False","https://img.rewe-static.de/8053702/30364058_digital-image.png"
"Gustavo Gusto Pizza Salami & Schinken 455g","Gustavo Gusto","4260414153099","4.69","455g (1 kg = 10,31 €)","Tiefkühlkost","False","https://img.rewe-static.de/9968417/44595991_digital-image.png"
"Original Wagner Steinofen Margherita 300g","Original Wagner","8445290515766","1.79","300g (1 kg = 5,97 €)","Tiefkühlkost","True","https://img.rewe-static.de/7729906/37728936_digital-image.png"
"Iglo Rahm Blattspinat 540g","Iglo","4250241206891","3.29","540g (1 kg = 6,09 €)","Tiefkühlkost","False","https://img.rewe-static.de/2817572/25143799_digital-image.png"
"Iglo Schlemmer-Filet Italiano 380g","Iglo","4250241207812","4.49","380g (1 kg = 11,82 €)","Tiefkühlkost","False","https://img.rewe-static.de/8128467/28655223_digital-image.png"
"Coppenrath & Wiese Blechkuchen Schokolade 450g","Conditorei Coppenrath & Wiese","4008577020274","5.49","450g (1 kg = 12,20 €)","Tiefkühlkost","False","https://img.rewe-static.de/8786647/36382688_digital-image.png"
"Dr. Oetker Bistro Baguette Bolognaise 250g","Dr. Oetker","4001724038054","2.29","250g (1 kg = 9,16 €)","Tiefkühlkost","False","https://img.rewe-static.de/8704178/35096308_digital-image.png"
"REWE Bio Kartoffelpuffer 600g, 10 Stück","REWE Bio","4337256385466","3.49","600g (1 kg = 5,82 €)","Tiefkühlkost","False","https://img.rewe-static.de/8393848/31025411_digital-image.png"
"Original Wagner Steinofen Pizza Champignon 350g","Original Wagner","4009233003693","1.79","350g (1 kg = 5,11 €)","Tiefkühlkost","True","https://img.rewe-static.de/6618677/5502450_digital-image.png"
"Niklas Waldpilzmischung 350g","Niklas","4018714129104","3.29","350g (1 kg = 9,40 €)","Tiefkühlkost","False","https://img.rewe-static.de/8050444/34715253_digital-image.png"
"Original Wagner Big City Pizza Boston 430g","Original Wagner","7613035492806","3.49","430g (1 kg = 8,12 €)","Tiefkühlkost","False","https://img.rewe-static.de/2670487/25165468_digital-image.png"
"Original Wagner Steinofen Pizzies Mozzarella 2x150g","Original Wagner","7613030060543","1.79","300g (1 kg = 5,97 €)","Tiefkühlkost","True","https://img.rewe-static.de/8362804/29995583_digital-image.png"
"REWE Bio Pommes Frites 750g","REWE Bio","4337256383615","2.69","750g (1 kg = 3,59 €)","Tiefkühlkost","False","https://img.rewe-static.de/0198686/5918410_digital-image.png"
"Dr. Oetker Ristorante Pizza Speciale 345g","Dr. Oetker","4001724039051","3.49","345g (1 kg = 10,12 €)","Tiefkühlkost","False","https://img.rewe-static.de/7826021/34878376_digital-image.png"
"REWE Beste Wahl italienisches Pfannengemüse 500g","REWE Beste Wahl","4337256665247","1.99","500g (1 kg = 3,98 €)","Tiefkühlkost","False","https://img.rewe-static.de/7075825/27321466_digital-image.png"
"Tulip Suppeneinlagen Fleischklößchen 450g","Tulip","5741300024024","2.49","450g (1 kg = 5,53 €)","Tiefkühlkost","True","https://img.rewe-static.de/0864803/3930810_digital-image.png"
"Coolback Bauernbrötchen Saaten 6 Stück 480g","NA","4260133610101","2.19","480g (1 kg = 4,56 €)","Tiefkühlkost","False","https://img.rewe-static.de/3015322/25731047_digital-image.png"
"REWE Bio Suppengemüse 450g","REWE Bio","4337256144391","1.79","450g (1 kg = 3,98 €)","Tiefkühlkost","False","https://img.rewe-static.de/2005357/21894150_digital-image.png"
"REWE Bio Rosenkohl 300g","REWE Bio","4337256126656","2.39","300g (1 kg = 7,97 €)","Tiefkühlkost","False","https://img.rewe-static.de/8091575/29871909_digital-image.png"
"Coppenrath & Wiese Blechkuchen Erdbeere 600g","Conditorei Coppenrath & Wiese","4008577020458","5.49","600g (1 kg = 9,15 €)","Tiefkühlkost","False","https://img.rewe-static.de/8054107/29990695_digital-image.png"
"Iglo Rahmgemüse Blumenkohl 480g","Iglo","4250241201193","3.29","480g (1 kg = 6,85 €)","Tiefkühlkost","False","https://img.rewe-static.de/0531066/23746022_digital-image.png"
"Frosta Butter Chicken Indian Style 500g","Frosta","4008366003587","4.69","500g (1 kg = 9,38 €)","Tiefkühlkost","False","https://img.rewe-static.de/8995995/40882579_digital-image.png"
"Ben & Jerry's Sunny Honey Home 465ml","Ben & Jerry's","8711327613812","3.99","465ml (1 l = 8,58 €)","Tiefkühlkost","True","https://img.rewe-static.de/9048401/44258719_digital-image.png"
"REWE Beste Wahl Rahmspinat mild gewürzt 500g","REWE Beste Wahl","4337256695701","1.39","500g (1 kg = 2,78 €)","Tiefkühlkost","False","https://img.rewe-static.de/1051481/31563759_digital-image.png"
"Coppenrath & Wiese Festtagstorte Unsere Klassiker 780 g","Conditorei Coppenrath & Wiese","4008577004007","13.49","780g (1 kg = 17,29 €)","Tiefkühlkost","False","https://img.rewe-static.de/8274183/29039300_digital-image.png"
"Iglo Schlemmer Filet Grüner Spargel à la Hollandaise 380g","Iglo","4250241208345","4.49","380g (1 kg = 11,82 €)","Tiefkühlkost","False","https://img.rewe-static.de/8387124/30581999_digital-image.png"
"Original Wagner Rustipani Kerniges Ofenbrot Mediterrane Kirschtomaten 185g","Original Wagner","7613037019124","2.19","185g (1 kg = 11,84 €)","Tiefkühlkost","False","https://img.rewe-static.de/8077430/29369346_digital-image.png"
"REWE Beste Wahl Alaska Seelachsfilets tiefgefroren 400g","REWE Beste Wahl","4337256201780","2.99","400g (1 kg = 7,48 €)","Tiefkühlkost","False","https://img.rewe-static.de/0167132/27409427_digital-image.png"
"Dr. Oetker Ristorante Pizza Funghi 365g","Dr. Oetker","4001724038931","3.49","365g (1 kg = 9,56 €)","Tiefkühlkost","False","https://img.rewe-static.de/8705373/34878472_digital-image.png"
"Magnum Bonbon Salted Caramel & Almond 204ml","Magnum","8711327640306","4.99","204ml (1 l = 24,46 €)","Tiefkühlkost","False","https://img.rewe-static.de/9105377/43781670_digital-image.png"
"Nestlé Pirulo Eis Kaktus 9x45ml","Nestlé","7613035493780","3.99","9x45ml (1 l = 9,85 €)","Tiefkühlkost","False","https://img.rewe-static.de/2713121/24901113_digital-image.png"
"REWE Beste Wahl Gyros vegan 300g","REWE Beste Wahl","4337256542159","2.29","300g (1 kg = 7,63 €)","Tiefkühlkost","False","https://img.rewe-static.de/8767175/36319624_digital-image.png"
"Dr. Oetker Ristorante Pizza Vegetale 385g","Dr. Oetker","4001724039143","3.49","385g (1 kg = 9,06 €)","Tiefkühlkost","False","https://img.rewe-static.de/7789230/34878371_digital-image.png"
"Magnum Bonbon Gold Caramel Billionaire 204ml","Magnum","8711327639942","4.99","204ml (1 l = 24,46 €)","Tiefkühlkost","False","https://img.rewe-static.de/9105067/43781648_digital-image.png"
"Dr. Oetker Ristorante Pizza Diavola 350g","Dr. Oetker","4001724039594","3.49","350g (1 kg = 9,97 €)","Tiefkühlkost","False","https://img.rewe-static.de/8704515/34878452_digital-image.png"
"REWE Beste Wahl Granatapfelkerne 300g","REWE Beste Wahl","4388860444872","2.49","300g (1 kg = 8,30 €)","Tiefkühlkost","False","https://img.rewe-static.de/8377443/30735407_digital-image.png"
"Frosta Schlemmerfilet knusprig kross 360g","Frosta","4008366009749","3.99","360g (1 kg = 11,08 €)","Tiefkühlkost","False","https://img.rewe-static.de/1981349/24827305_digital-image.png"
"Cremissimo Eis Bourbon Vanille vegan 825ml","Cremissimo","8711327618671","3.99","825ml (1 l = 4,84 €)","Tiefkühlkost","False","https://img.rewe-static.de/9048366/42584176_digital-image.png"
"Coppenrath & Wiese 7 Roggen-Brötchen 490g","Conditorei Coppenrath & Wiese","4008577006278","3.29","490g (1 kg = 6,71 €)","Tiefkühlkost","False","https://img.rewe-static.de/8466794/31488119_digital-image.png"
"Iglo Knoblauch-Duo fein gehackt 60g","Iglo","4250241208871","1.29","60g (1 kg = 21,50 €)","Tiefkühlkost","False","https://img.rewe-static.de/8690178/34885816_digital-image.png"
"Original Wagner Rustipani Dunkles Ofenbrot Pilz-Trio vegan 185g","Original Wagner","7613287904898","2.19","185g (1 kg = 11,84 €)","Tiefkühlkost","False","https://img.rewe-static.de/7841565/34938158_digital-image.png"
"REWE Beste Wahl Chicken Bites Kentucky Style 260g","REWE Beste Wahl","4337256281836","2.89","260g (1 kg = 11,12 €)","Tiefkühlkost","False","https://img.rewe-static.de/7884541/34995128_digital-image.png"
"Iglo Kräuter Italienische Art 60g","Iglo","4250241208857","1.29","60g (1 kg = 21,50 €)","Tiefkühlkost","False","https://img.rewe-static.de/7836798/35150194_digital-image.png"
"Mövenpick Eis Mango 850ml","Mövenpick","7613036211802","3.99","850ml (1 l = 4,69 €)","Tiefkühlkost","False","https://img.rewe-static.de/7202803/27447688_digital-image.png"
"Mövenpick Eis Haselnuss Crunch 800ml","Mövenpick","4008211004172","3.99","800ml (1 l = 4,99 €)","Tiefkühlkost","False","https://img.rewe-static.de/8902643/38472503_digital-image.png"
"Dr. Oetker Intermezzo Salami Calabrese 190g","Dr. Oetker","4001724030126","2.39","190g (1 kg = 12,58 €)","Tiefkühlkost","False","https://img.rewe-static.de/8282085/29038634_digital-image.png"
"Frosta Rahm-Geschnetzeltes mit Spätzle 375g","Frosta","4008366010967","1.99","375g (1 kg = 5,31 €)","Tiefkühlkost","True","https://img.rewe-static.de/2475153/24139590_digital-image.png"
"Coppenrath & Wiese Meistertorte Mandarine-Frischkäse 1,1kg","Conditorei Coppenrath & Wiese","4008577006681","5.49","1100g (1 kg = 4,99 €)","Tiefkühlkost","True","https://img.rewe-static.de/1482919/22420019_digital-image.png"
"Nestlé Schöller Eis Big Sandwich 6 Stück","Nestlé","7613035844773","3.99","840ml (1 l = 4,75 €)","Tiefkühlkost","False","https://img.rewe-static.de/3070819/26738514_digital-image.png"
"Magnum Bonbon White Chocolate & Cookie 204ml","Magnum","8711327640450","4.99","204ml (1 l = 24,46 €)","Tiefkühlkost","False","https://img.rewe-static.de/9105773/43781680_digital-image.png"
"REWE Beste Wahl Asia Pfannengemüse 500g","REWE Beste Wahl","4337256684644","1.99","500g (1 kg = 3,98 €)","Tiefkühlkost","False","https://img.rewe-static.de/7076526/27321446_digital-image.png"
"Iglo 8 Kräuter fein gehackt 55g","Iglo","4250241208888","1.29","55g (1 kg = 23,45 €)","Tiefkühlkost","False","https://img.rewe-static.de/8689169/35123170_digital-image.png"
"Frosta MSC Wildlachs in Kräuterrahm 450g","Frosta","4008366015535","4.69","450g (1 kg = 10,42 €)","Tiefkühlkost","False","https://img.rewe-static.de/8022294/30568453_digital-image.png"
"Schwarmstedter Rösti 450g, 9 Stück","Schwarmstedter","4006181006103","1.99","450g (1 kg = 4,42 €)","Tiefkühlkost","False","https://img.rewe-static.de/8184459/29221191_digital-image.png"
"MÄLZER&FU Jokolade Ice Cream Salted Caramel Pretzel 500ml","MÄLZER&FU","4260158881586","5.99","500ml (1 l = 11,98 €)","Tiefkühlkost","False","https://img.rewe-static.de/7569245/44143484_digital-image.png"
"Dr. Oetker Die Ofenfrische Pizza Margherita 385g","Dr. Oetker","4001724015420","3.69","385g (1 kg = 9,58 €)","Tiefkühlkost","False","https://img.rewe-static.de/2251685/23096590_digital-image.png"
"REWE Beste Wahl Laugenstangen Käse 4x110g","REWE Beste Wahl","4337256743778","2.49","4x110g (1 kg = 5,66 €)","Tiefkühlkost","False","https://img.rewe-static.de/8292560/29382165_digital-image.png"
"Tillman's Toasty Hähnchenbrustfilet 4x70g","Tillman's","4043362621748","3.69","4x70g (1 kg = 13,18 €)","Tiefkühlkost","False","https://img.rewe-static.de/0433704/1218480_digital-image.png"
"Original Wagner Piccolinis Speciale 270g","Original Wagner","4009233015429","3.49","270g (1 kg = 12,93 €)","Tiefkühlkost","False","https://img.rewe-static.de/1090395/15008430_digital-image.png"
"Block House Block Burger Black Angus 2x160g","Block House","4009286154151","5.99","320g (1 kg = 18,72 €)","Tiefkühlkost","True","https://img.rewe-static.de/7035037/26475765_digital-image.png"
"Iglo Tortelloni Käse-Sahnesauce 450g","Iglo","4250241206792","3.59","450g (1 kg = 7,98 €)","Tiefkühlkost","False","https://img.rewe-static.de/2724335/24811848_digital-image.png"
"Nutella Eis 470ml","Nutella","8000500425183","5.49","470ml (1 l = 11,68 €)","Tiefkühlkost","False","https://img.rewe-static.de/9047295/42459255_digital-image.png"
"Vossko Putenfilets mariniert 400g","Vossko","4004155014772","3.79","400g (1 kg = 9,48 €)","Tiefkühlkost","False","https://img.rewe-static.de/6791255/1510550_digital-image.png"
"Nestlé Pirulo Fruit Joy 325ml","Nestlé","8436575299952","3.99","325ml (1 l = 12,28 €)","Tiefkühlkost","False","https://img.rewe-static.de/9043461/42337399_digital-image.png"
"Schär Kaisersemmel glutenfrei 6 Stück 350g","Schär","8008698006658","4.19","350g (1 kg = 11,97 €)","Tiefkühlkost","False","https://img.rewe-static.de/1373478/24589757_digital-image.png"
"REWE Beste Wahl Eiscreme Choco Fudge Brownie 500ml","REWE Beste Wahl","4337256714983","2.49","500ml (1 l = 4,98 €)","Tiefkühlkost","False","https://img.rewe-static.de/8998854/41854059_digital-image.png"
"REWE Beste Wahl Eis Bakery Cake 500g","REWE Beste Wahl","4337256542029","2.49","500ml (1 l = 4,98 €)","Tiefkühlkost","False","https://img.rewe-static.de/3095809/26553042_digital-image.png"
"REWE Beste Wahl Gemüse-Kartoffelauflauf 400g","REWE Beste Wahl","4337256167611","1.99","400g (1 kg = 4,98 €)","Tiefkühlkost","False","https://img.rewe-static.de/2781139/25232825_digital-image.png"
"Frosta Schlemmerfilet Bordelaise Rosmarin-Zitrone MSC 360g","Frosta","4008366010868","3.99","360g (1 kg = 11,08 €)","Tiefkühlkost","False","https://img.rewe-static.de/2399403/24826859_digital-image.png"
"Original Wagner Steinofen Pizza Schinken 350g","Original Wagner","4009233003563","1.79","350g (1 kg = 5,11 €)","Tiefkühlkost","True","https://img.rewe-static.de/5542219/789840_digital-image.png"
"Snickers Eisriegel Creamy 5x41,5g","Snickers","5000159566674","3.29","5x41,50ml (1 l = 15,86 €)","Tiefkühlkost","False","https://img.rewe-static.de/9088045/43176364_digital-image.png"
"REWE Beste Wahl Eis Bourbon Vanille vegan 500ml","REWE Beste Wahl","4337256548977","2.49","500ml (1 l = 4,98 €)","Tiefkühlkost","False","https://img.rewe-static.de/7857695/34413173_digital-image.png"
"Original Wagner Die Backfrische Fünf Käse 340g","Original Wagner","7613036427166","3.49","340g (1 kg = 10,26 €)","Tiefkühlkost","False","https://img.rewe-static.de/7207653/27990368_digital-image.png"
"Dr. Oetker Pizza Tradizionale Verdure Grigliate 410g","Dr. Oetker","4001724038658","3.69","410g (1 kg = 9 €)","Tiefkühlkost","False","https://img.rewe-static.de/8705362/35088973_digital-image.png"
"Dr. Oetker La Mia Grande Diavola 400g","Dr. Oetker","4001724044512","4.19","400g (1 kg = 10,48 €)","Tiefkühlkost","False","https://img.rewe-static.de/8847763/37369095_digital-image.png"
"Mövenpick Eis Strawberry 850ml","Mövenpick","4008211002086","3.99","850ml (1 l = 4,69 €)","Tiefkühlkost","False","https://img.rewe-static.de/8507564/32264942_digital-image.png"
"Original Wagner Die Backfrische Hähnchen Pizza mit Spinat & Frischkäse-Crème 370g","Original Wagner","7613035908024","3.49","370g (1 kg = 9,43 €)","Tiefkühlkost","False","https://img.rewe-static.de/3195888/26153473_digital-image.png"
"Dr. Oetker Die Ofenfrische Pizza Rucolapesto Tomate 415g","Dr. Oetker","4001724026259","3.69","415g (1 kg = 8,89 €)","Tiefkühlkost","False","https://img.rewe-static.de/7090723/26992487_digital-image.png"
"Magnum Double Gold Caramel Billionaire Eisbecher 440ml","Magnum","8711327480438","4.99","440ml (1 l = 11,34 €)","Tiefkühlkost","False","https://img.rewe-static.de/8502294/32342497_digital-image.png"
"Block House Steak Pfanne Kräuter 427g","Block House","4009286154724","6.49","427g (1 kg = 15,20 €)","Tiefkühlkost","False","https://img.rewe-static.de/9063638/43926795_digital-image.png"
"Dr. Oetker Ristorante Piccola Salame 280g","Dr. Oetker","4001724038740","3.49","280g (1 kg = 12,46 €)","Tiefkühlkost","False","https://img.rewe-static.de/8705473/34878351_digital-image.png"
"Iglo Penne Creme Spinaci 450g","Iglo","4250241206808","3.59","450g (1 kg = 7,98 €)","Tiefkühlkost","False","https://img.rewe-static.de/2724331/45883374_digital-image.png"
"Langnese Dolomiti Eis 6x73ml","Langnese","8712100493355","2.49","438ml (1 l = 5,68 €)","Tiefkühlkost","True","https://img.rewe-static.de/2104115/22065638_digital-image.png"
"Frosta Thai Style Hähnchen mit Bandnudeln 375g","Frosta","4008366013852","1.99","375g (1 kg = 5,31 €)","Tiefkühlkost","True","https://img.rewe-static.de/7278873/29752922_digital-image.png"
"Frosta MSC Paella 450g","Frosta","4008366015337","4.69","450g (1 kg = 10,42 €)","Tiefkühlkost","False","https://img.rewe-static.de/8402204/30568468_digital-image.png"
"Milka Eis Vanilla und Chocolate Swirl 3x90ml","Milka","5900130038469","3.39","270ml (1 l = 12,56 €)","Tiefkühlkost","False","https://img.rewe-static.de/8885727/38070293_digital-image.png"
"Coppenrath & Wiese Bunte Sahneplatte 800g","Conditorei Coppenrath & Wiese","4008577004052","13.49","800g (1 kg = 16,86 €)","Tiefkühlkost","False","https://img.rewe-static.de/2348179/6902940_digital-image.png"
"REWE Bio Mini-Kartoffel-Taschen 300g","REWE Bio","4337256144698","3.19","300g (1 kg = 10,63 €)","Tiefkühlkost","False","https://img.rewe-static.de/8498663/32452525_digital-image.png"
"Dr. Oetker Bistro Baguette Spicy BBQ vegan 250g","Dr. Oetker","4001724045588","2.29","250g (1 kg = 9,16 €)","Tiefkühlkost","False","https://img.rewe-static.de/8947829/39943714_digital-image.png"
"Ben & Jerry's Eis Cookie Dough 465ml","Ben & Jerry's","8711327373105","3.99","465ml (1 l = 8,58 €)","Tiefkühlkost","True","https://img.rewe-static.de/8422570/43212452_digital-image.png"
"Coppenrath & Wiese Meistertorte Mandel-Bienenstich 800g","Conditorei Coppenrath & Wiese","4008577000610","5.49","800g (1 kg = 6,86 €)","Tiefkühlkost","True","https://img.rewe-static.de/3725545/28938464_digital-image.png"
"REWE Beste Wahl Herzogin Kartoffeln 600g","REWE Beste Wahl","4337256327985","1.69","600g (1 kg = 2,82 €)","Tiefkühlkost","False","https://img.rewe-static.de/8333175/30106241_digital-image.png"
"Iglo Königs-Gemüse 700g","Iglo","4250241208772","3.39","700g (1 kg = 4,84 €)","Tiefkühlkost","False","https://img.rewe-static.de/8608134/33278242_digital-image.png"
"Ben & Jerry's Eis Half Baked Brownies & Cookie Dough 465ml","Ben & Jerry's","8711327371002","3.99","465ml (1 l = 8,58 €)","Tiefkühlkost","True","https://img.rewe-static.de/8023768/43951110_digital-image.png"
"McCain 1.2.3 Frites Original 750g","McCain","8710438094213","2.79","750g (1 kg = 3,72 €)","Tiefkühlkost","False","https://img.rewe-static.de/1265440/45756516_digital-image.png"
"Dr. Oetker Die Ofenfrische Pizza Diavolo 405g","Dr. Oetker","4001724010906","3.69","405g (1 kg = 9,11 €)","Tiefkühlkost","False","https://img.rewe-static.de/2098583/22001308_digital-image.png"
"McCain Kroketten 500g","McCain","8710438118278","2.89","500g (1 kg = 5,78 €)","Tiefkühlkost","False","https://img.rewe-static.de/7999807/42973568_digital-image.png"
"Deutsche See Lachs-Filets 320g","Deutsche See","4009239873658","11.99","320g (1 kg = 37,47 €)","Tiefkühlkost","False","https://img.rewe-static.de/8204934/1819310_digital-image.png"
"Ferrero Yogurette Eis 4x50ml","Ferrero","8000500406717","3.59","200ml (1 l = 17,95 €)","Tiefkühlkost","False","https://img.rewe-static.de/7700876/38508966_digital-image.png"
"Dr. Oetker Bistro Baguette Champignon 250g","Dr. Oetker","4001724038023","2.29","250g (1 kg = 9,16 €)","Tiefkühlkost","False","https://img.rewe-static.de/7829481/35063269_digital-image.png"
"REWE Bio Dinkelbrötchen 6 Stück 420g","REWE Bio","4337256548571","2.49","420g (1 kg = 5,93 €)","Tiefkühlkost","False","https://img.rewe-static.de/8860585/39472120_digital-image.png"
"Iglo Schlemmer-Filet à la Bordelaise Classic 380g","Iglo","4250241208185","4.49","380g (1 kg = 11,82 €)","Tiefkühlkost","False","https://img.rewe-static.de/8030937/30477207_digital-image.png"
"Ardo Dicke Bohnen 300g","Ardo","5411361019023","1.69","300g (1 kg = 5,63 €)","Tiefkühlkost","False","https://img.rewe-static.de/0272642/22435372_digital-image.png"
"Iglo Petersilie fein gehackt 50g","Iglo","4250241208895","1.29","50g (1 kg = 25,80 €)","Tiefkühlkost","False","https://img.rewe-static.de/8692617/34885716_digital-image.png"
"Ben & Jerry's Eis Peanut Butter Cup 465ml","Ben & Jerry's","8711327374515","3.99","465ml (1 l = 8,58 €)","Tiefkühlkost","True","https://img.rewe-static.de/8398063/43780924_digital-image.png"
"REWE Beste Wahl Knusperente 320g","REWE Beste Wahl","4337256290944","5.99","320g (1 kg = 18,72 €)","Tiefkühlkost","False","https://img.rewe-static.de/7883267/34648565_digital-image.png"
"REWE Beste Wahl Mini-Eclairs Vanille 200g","REWE Beste Wahl","4337256735346","2.75","200g (1 kg = 13,75 €)","Tiefkühlkost","False","https://img.rewe-static.de/0333472/31164222_digital-image.png"
"Langnese Nogger Stieleis 470ml","Langnese","8711327594883","2.49","470ml (1 l = 5,30 €)","Tiefkühlkost","True","https://img.rewe-static.de/7700734/38472826_digital-image.png"
"Iglo Filegro traditioneller Ofen-Backfisch 240g","Iglo","4250241203425","4.49","240g (1 kg = 18,71 €)","Tiefkühlkost","False","https://img.rewe-static.de/1148717/19141120_digital-image.png"
"Frosta Schlemmerfilet à la Bordelaise MSC 360g","Frosta","4008366012343","3.99","360g (1 kg = 11,08 €)","Tiefkühlkost","False","https://img.rewe-static.de/9974345/44533611_digital-image.png"
"Ben & Jerry's Eis Dulce De-lish 427ml","Ben & Jerry's","8711327589360","3.99","427ml (1 l = 9,34 €)","Tiefkühlkost","True","https://img.rewe-static.de/8983900/44081813_digital-image.png"
"Coppenrath & Wiese Zitronen-Sahne-Rolle 350g","Conditorei Coppenrath & Wiese","4008577003277","3.49","350g (1 kg = 9,97 €)","Tiefkühlkost","False","https://img.rewe-static.de/7157825/27303155_digital-image.png"
"Coppenrath & Wiese Erdbeer Cheesecake 550g","Conditorei Coppenrath & Wiese","4008577006827","4.99","550g (1 kg = 9,07 €)","Tiefkühlkost","False","https://img.rewe-static.de/2283380/23207609_digital-image.png"
"REWE Beste Wahl Eis Peanut Butter Chunks 500ml","REWE Beste Wahl","4337256543866","2.49","500ml (1 l = 4,98 €)","Tiefkühlkost","False","https://img.rewe-static.de/8502342/32575563_digital-image.png"
"Mövenpick Eis Chocolate Chips 900ml","Mövenpick","7613036168892","3.99","900ml (1 l = 4,43 €)","Tiefkühlkost","False","https://img.rewe-static.de/7222060/27447544_digital-image.png"
"Original Wagner Steinofen Pizza Vegetaria 380g","Original Wagner","7613038264288","1.79","380g (1 kg = 4,71 €)","Tiefkühlkost","True","https://img.rewe-static.de/8020181/30761627_digital-image.png"
"Dr. Oetker Bistro Flammkuchen Elsässer Art 265g","Dr. Oetker","4001724038320","3.49","265g (1 kg = 13,17 €)","Tiefkühlkost","False","https://img.rewe-static.de/8703784/34878422_digital-image.png"
"Coppenrath & Wiese Alt Böhmischer Käsekuchen 1250g","Conditorei Coppenrath & Wiese","4008577007046","6.79","1250g (1 kg = 5,43 €)","Tiefkühlkost","False","https://img.rewe-static.de/8822423/36986672_digital-image.png"
"Nestlé Pirulo Kaktus Parade Eis 3x3 Stück 405ml","Nestlé","5900130040301","3.99","405ml (1 l = 9,85 €)","Tiefkühlkost","False","https://img.rewe-static.de/9085439/43765924_digital-image.png"
"Wagner Brezel Pizza Käse 410g","Original Wagner","8000300427509","4.49","410g (1 kg = 10,95 €)","Tiefkühlkost","False","https://img.rewe-static.de/7661796/41049575_digital-image.png"
"Garden Gourmet Protein Lovers Pizza 435g","Garden Gourmet","7613287212917","4.29","435g (1 kg = 9,86 €)","Tiefkühlkost","False","https://img.rewe-static.de/8518412/32265161_digital-image.png"
"Dr. Oetker Ristorante Piccola Margherita 270g","Dr. Oetker","4001724038818","3.49","270g (1 kg = 12,93 €)","Tiefkühlkost","False","https://img.rewe-static.de/8707079/34878356_digital-image.png"
"Frosta Schlemmerfilet Knusper Käse MSC 360g","Frosta","4008366013975","3.99","360g (1 kg = 11,08 €)","Tiefkühlkost","False","https://img.rewe-static.de/8399787/31502781_digital-image.png"
"Nestlé Pirulo Eis Pink Kaktus 9x45ml","Nestlé","4008211000334","3.99","405ml (1 l = 9,85 €)","Tiefkühlkost","False","https://img.rewe-static.de/8272679/29181766_digital-image.png"
"Cremissimo Eis Nogger Choc 825ml","Cremissimo","8711327616622","3.99","825ml (1 l = 4,84 €)","Tiefkühlkost","False","https://img.rewe-static.de/9046754/42464646_digital-image.png"
"Magnum Eis Mini Double Caramell Almond & Gold Caramell Billionaire 6x55ml","Magnum","8711327585782","4.99","330ml (1 l = 15,12 €)","Tiefkühlkost","False","https://img.rewe-static.de/8903144/38363450_digital-image.png"
"Mövenpick Amarena Kirsch Eis 850ml","Mövenpick","4008211002994","3.99","850ml (1 l = 4,69 €)","Tiefkühlkost","False","https://img.rewe-static.de/8727166/35726004_digital-image.png"
"Mövenpick Eis Vanilla Chocolate 900ml","Mövenpick","7613036107341","3.99","900ml (1 l = 4,43 €)","Tiefkühlkost","False","https://img.rewe-static.de/7203389/28042878_digital-image.png"
"REWE Beste Wahl Tannenbäume 6x85ml","REWE Beste Wahl","4337256428613","1.99","6x85ml (1 l = 3,90 €)","Tiefkühlkost","False","https://img.rewe-static.de/8741983/35988723_digital-image.png"
"Nuii New York Cookies & Cream 3x90ml","Nuii","5900130036397","3.79","3x90ml (1 l = 14,04 €)","Tiefkühlkost","False","https://img.rewe-static.de/8696023/34938251_digital-image.png"
"Cremissimo Eis Solero 825ml","Cremissimo","8711327618145","3.99","825ml (1 l = 4,84 €)","Tiefkühlkost","False","https://img.rewe-static.de/9047888/42460485_digital-image.png"
"Pickers by McCain Nacho Cheese Triangle 230g","McCain","8710438121544","3.29","230g (1 kg = 14,30 €)","Tiefkühlkost","False","https://img.rewe-static.de/8624249/33478197_digital-image.png"
"Nuii Ice Cream New Zealand Honey 270ml","Nuii","5900130040097","3.79","270ml (1 l = 14,04 €)","Tiefkühlkost","False","https://img.rewe-static.de/9042964/42337416_digital-image.png"
"REWE Beste Wahl Heidelbeeren 500g","REWE Beste Wahl","4337256765411","2.99","500g (1 kg = 5,98 €)","Tiefkühlkost","False","https://img.rewe-static.de/7144527/27532857_digital-image.png"
"Frosta Schlemmerfilet Brokkoli-Mandel 360g","Frosta","4008366009763","3.99","360g (1 kg = 11,08 €)","Tiefkühlkost","False","https://img.rewe-static.de/1981350/24827306_digital-image.png"
"REWE Bio Gemüsepfanne nach mediterrraner Art 600g","REWE Bio","4337256839617","2.49","600g","Tiefkühlkost","False","https://img.rewe-static.de/9102082/44574947_digital-image.png"
"Costa Lachsfilets 420g","Costa","4008467094248","16.79","420g (1 kg = 39,98 €)","Tiefkühlkost","False","https://img.rewe-static.de/7702938/38972474_digital-image.png"
"REWE Beste Wahl Pizza Classica Tex-Mex 350g","REWE Beste Wahl","4337256758291","2.19","350g (1 kg = 6,26 €)","Tiefkühlkost","False","https://img.rewe-static.de/8287769/29429937_digital-image.png"
"Cremissimo Eis Tiramisu 825ml","Cremissimo","8711327629547","3.99","825ml (1 l = 4,84 €)","Tiefkühlkost","False","https://img.rewe-static.de/9059397/42760478_digital-image.png"
"REWE Beste Wahl Alaska Seelachsfilet 800g","REWE Beste Wahl","4337256482028","4.99","800g (1 kg = 6,24 €)","Tiefkühlkost","False","https://img.rewe-static.de/2961509/25984928_digital-image.png"
"REWE Beste Wahl Thunfisch Steaks 250g, 2 Portionen","REWE Beste Wahl","4337256386043","4.99","250g (1 kg = 19,96 €)","Tiefkühlkost","False","https://img.rewe-static.de/8359596/30352584_digital-image.png"
"REWE Bio Gemüsepfanne nach französischer Art 600g","REWE Bio","4337256846813","2.49","600g","Tiefkühlkost","False","https://img.rewe-static.de/9104609/44697351_digital-image.png"
"Iglo Grünkohl 600g","Iglo","4250241203654","2.19","600g (1 kg = 3,65 €)","Tiefkühlkost","False","https://img.rewe-static.de/4776704/37970957_digital-image.png"
"REWE Beste Wahl Doradenfilets 250g","REWE Beste Wahl","4337256265546","4.89","250g (1 kg = 19,56 €)","Tiefkühlkost","False","https://img.rewe-static.de/8596499/33521637_digital-image.png"
"REWE Beste Wahl Mikrowellenpommes 140g","REWE Beste Wahl","4337256166645","1.39","140g (1 kg = 9,93 €)","Tiefkühlkost","False","https://img.rewe-static.de/7291462/28580247_digital-image.png"
"REWE Feine Welt Macarons 6 Stück 72g","REWE Feine Welt","4337256716161","2.99","72g (1 kg = 41,53 €)","Tiefkühlkost","False","https://img.rewe-static.de/2849409/25367128_digital-image.png"
"REWE Beste Wahl Lachsforelle mit Haut für 2 Portionen 300g","REWE Beste Wahl","4337256379243","7.49","300g (1 kg = 24,97 €)","Tiefkühlkost","False","https://img.rewe-static.de/8085934/29882407_digital-image.png"
"Magnum Eis Classic 6x100ml","Magnum","8711327532359","5.49","6x100ml (1 l = 9,15 €)","Tiefkühlkost","False","https://img.rewe-static.de/9059848/42669329_digital-image.png"
"REWE Beste Wahl White Tiger Garnelen 450g","REWE Beste Wahl","4337256696258","7.49","450g (1 kg = 16,64 €)","Tiefkühlkost","False","https://img.rewe-static.de/8352159/30547932_digital-image.png"
"Original Wagner Steinofen Pizza Spinat 360g","Original Wagner","7613034535672","1.79","360g (1 kg = 4,97 €)","Tiefkühlkost","True","https://img.rewe-static.de/2120509/23173003_digital-image.png"
"REWE Beste Wahl Vegane Fischstäbchen 450g","REWE Beste Wahl","4337256622899","3.49","450g (1 kg = 7,76 €)","Tiefkühlkost","False","https://img.rewe-static.de/7887196/34696411_digital-image.png"
"REWE Beste Wahl Fettuccine Lachs 360g","REWE Beste Wahl","4337256198899","2.29","360g (1 kg = 6,36 €)","Tiefkühlkost","False","https://img.rewe-static.de/7863984/33972927_digital-image.png"
"Costa Frutti di Mare 230g","Costa","4008467037580","5.99","230g (1 kg = 26,04 €)","Tiefkühlkost","False","https://img.rewe-static.de/7704543/38473853_digital-image.png"
"Iglo Veggie Love Zucchini Bulgur vegan 400g","Iglo","4250241207775","3.49","400g (1 kg = 8,73 €)","Tiefkühlkost","False","https://img.rewe-static.de/8224091/28374804_digital-image.png"
"REWE Feine Welt Pastéis de Nata 4x60g","REWE Feine Welt","4337256245883","2.89","240g (1 kg = 12,04 €)","Tiefkühlkost","False","https://img.rewe-static.de/7287773/28063445_digital-image.png"
"REWE Beste Wahl Mikrowellen Pommes 140g","REWE Beste Wahl","4337256444736","1.39","140g (1 kg = 9,93 €)","Tiefkühlkost","False","https://img.rewe-static.de/7951252/32646762_digital-image.png"
"Magnum after dinner Classic 280ml","Magnum","8711327624917","4.99","280ml (1 l = 17,82 €)","Tiefkühlkost","False","https://img.rewe-static.de/9061544/43740962_digital-image.png"
"Franui Frozen Raspberries in White & Dark Chocolate 150g","NA","8437020396028","4.99","150g (1 kg = 33,27 €)","Tiefkühlkost","False","https://img.rewe-static.de/8601087/45231586_digital-image.png"
"REWE Beste Wahl Eis Buttermilch-Zitrone 900ml","REWE Beste Wahl","4337256715164","1.99","900ml (1 l = 2,21 €)","Tiefkühlkost","False","https://img.rewe-static.de/7638146/42512756_digital-image.png"
"Frosta Bio Gemüse Pfanne a la Mexicana 430g","Frosta","4008366003303","1.99","430g (1 kg = 4,63 €)","Tiefkühlkost","True","https://img.rewe-static.de/7631276/41665536_digital-image.png"
"REWE Bio Garnelen mediterrane Art 250g","REWE Bio","4337256829533","7.79","250g (1 kg = 31,16 €)","Tiefkühlkost","False","https://img.rewe-static.de/8659989/35984798_digital-image.png"
"REWE Beste Wahl White Tiger Garnelen mediterrane Art 450g","REWE Beste Wahl","4337256292672","7.49","450g (1 kg = 16,64 €)","Tiefkühlkost","False","https://img.rewe-static.de/7884977/33905162_digital-image.png"
"REWE Feine Welt Schokoladen-Eiscreme 480ml","REWE Feine Welt","4337256375832","2.99","480ml (1 l = 6,23 €)","Tiefkühlkost","False","https://img.rewe-static.de/1075076/8963560_digital-image.png"
"Ben & Jerry's Ice Cream Spectacu-love 465ml","Ben & Jerry's","8711327629394","3.99","465ml (1 l = 8,58 €)","Tiefkühlkost","True","https://img.rewe-static.de/9958041/44742596_digital-image.png"
"Iglo Blattspinat mit Gorgonzola 390g","Iglo","4250241206921","3.89","390g (1 kg = 9,97 €)","Tiefkühlkost","False","https://img.rewe-static.de/2817607/25184206_digital-image.png"
"REWE Beste Wahl Rotbarschfilets MSC 475g","REWE Beste Wahl","4337256807609","6.99","475g (1 kg = 14,72 €)","Tiefkühlkost","False","https://img.rewe-static.de/9067242/43317841_digital-image.png"
"Iglo Farmers Gemüse Frisch vom Feld 400g","Iglo","4250241204767","2.79","400g (1 kg = 6,98 €)","Tiefkühlkost","False","https://img.rewe-static.de/1905399/23745205_digital-image.png"
"Ben & Jerry's Eis Cookies on Cookie Dough Vegan 465ml","Ben & Jerry's","8711327626386","3.99","465ml (1 l = 8,58 €)","Tiefkühlkost","True","https://img.rewe-static.de/9049872/44291198_digital-image.png"
"Coppenrath & Wiese New York Cheesecake 740g","Conditorei Coppenrath & Wiese","4008577000092","6.79","740g (1 kg = 9,18 €)","Tiefkühlkost","False","https://img.rewe-static.de/7157979/28037164_digital-image.png"
"Coppenrath & Wiese Carrot Cake vegan 395g","Conditorei Coppenrath & Wiese","4008577020830","4.99","395g (1 kg = 12,63 €)","Tiefkühlkost","False","https://img.rewe-static.de/8986433/41087111_digital-image.png"
"Cremissimo Eis Schokolade Haselnuss vegan 825ml","Cremissimo","8711327629578","3.99","825ml (1 l = 4,84 €)","Tiefkühlkost","False","https://img.rewe-static.de/9062095/42760481_digital-image.png"
"Cremissimo Baileys Eis 825ml","Cremissimo","8711327657267","3.99","825ml (1 l = 4,84 €)","Tiefkühlkost","False","https://img.rewe-static.de/9959388/44798391_digital-image.png"
"Coppenrath & Wiese Alt Böhmischer Pflaumenkuchen 1250g","Conditorei Coppenrath & Wiese","4008577007039","6.79","1250g (1 kg = 5,43 €)","Tiefkühlkost","False","https://img.rewe-static.de/8822916/36986663_digital-image.png"
"Nuii Eis Dark Chocolate & Nordic Berry 3x90ml","Nuii","5900130030791","3.79","3x90ml (1 l = 14,04 €)","Tiefkühlkost","False","https://img.rewe-static.de/8099368/28945263_digital-image.png"
"McCain Western Frites 600g","McCain","8710438129694","2.79","600g (1 kg = 4,65 €)","Tiefkühlkost","False","https://img.rewe-static.de/1274925/15914610_digital-image.png"
"Wagner Brezel Pizza Schinken 460g","Original Wagner","8000300427660","4.49","460g (1 kg = 9,76 €)","Tiefkühlkost","False","https://img.rewe-static.de/8968495/41215062_digital-image.png"
"Mälzer & Fu Chocolate Deluxe 500ml","NA","4260158880886","5.99","500ml (1 l = 11,98 €)","Tiefkühlkost","False","https://img.rewe-static.de/7635495/41231107_digital-image.png"
"Mövenpick Eis Passionfruit Coconut vegan 800ml","Mövenpick","4008211005209","3.99","800ml (1 l = 4,99 €)","Tiefkühlkost","False","https://img.rewe-static.de/9046239/42406170_digital-image.png"
"Garten Bio Demeter Suppengemüse 450g","NA","4026813000514","2.19","450g (1 kg = 4,87 €)","Tiefkühlkost","False","https://img.rewe-static.de/8607345/34967277_digital-image.png"
"Iglo Thai Style Rotes Curry vegetarisch 450g","Iglo","4250241209670","4.29","450g (1 kg = 9,53 €)","Tiefkühlkost","False","https://img.rewe-static.de/7571189/43781226_digital-image.png"
"REWE Beste Wahl Zanderfilet 250g","REWE Beste Wahl","4337256412353","6.29","250g (1 kg = 25,16 €)","Tiefkühlkost","False","https://img.rewe-static.de/8624799/34249697_digital-image.png"
"REWE Beste Wahl Eis Choco Cookie Dough vegan 500ml","REWE Beste Wahl","4337256545556","2.49","500ml (1 l = 4,98 €)","Tiefkühlkost","False","https://img.rewe-static.de/8476825/32205959_digital-image.png"
"Mekkafood Crispy Chicken Burger 360g","Mekkafood","4026279976859","3.99","360g","Tiefkühlkost","False","https://img.rewe-static.de/9049367/43927060_digital-image.png"
"Conditorei Coppenrath & Wiese Alt Böhmischer Apfel-Walnuss-Kuchen 920g","Conditorei Coppenrath & Wiese","4008577007053","6.79","920g","Tiefkühlkost","False","https://img.rewe-static.de/9094268/44413723_digital-image.png"
"REWE Beste Wahl Eiscreme Schwarzwälder Kirsch 900ml","REWE Beste Wahl","4337256713801","2.49","900ml (1 l = 2,77 €)","Tiefkühlkost","False","https://img.rewe-static.de/9000341/42512839_digital-image.png"
"REWE Beste Wahl Hähnchen Gärtnerin mit Gemüse & Sahne 450g","REWE Beste Wahl","4337256898171","2.89","450g","Tiefkühlkost","False","https://img.rewe-static.de/9960502/47221828_digital-image.png"
"Magnum Becher White Chocolate & Cookies Eis 440ml","Magnum","8711327315600","4.99","440ml (1 l = 11,34 €)","Tiefkühlkost","False","https://img.rewe-static.de/8279736/34251969_digital-image.png"
"MÄLZER&FU Sorbet Mango Chill 500ml","MÄLZER&FU","4260158881685","5.99","500ml (1 l = 11,98 €)","Tiefkühlkost","False","https://img.rewe-static.de/7570126/44143486_digital-image.png"
"Florida Eis Mint-Chocolate 500ml","Florida Eis","4260158884334","5.49","500ml (1 l = 10,98 €)","Tiefkühlkost","False","https://img.rewe-static.de/2179289/26588967_digital-image.png"
"Mälzer & Fu Vanilla-Cola Float 500ml","NA","4260158881388","5.99","500ml (1 l = 11,98 €)","Tiefkühlkost","False","https://img.rewe-static.de/9055382/42460426_digital-image.png"
"Bruno Gelato Spaghetti Eis mit Sahne 850ml","Bruno Gelato","4260059824835","7.49","850ml (1 l = 8,81 €)","Tiefkühlkost","False","https://img.rewe-static.de/7829056/34969816_digital-image.png"
"Gustavo Gusto Pizza Käse Kürbis-Soße 445g","Gustavo Gusto","4260414154201","4.69","445g (1 kg = 10,54 €)","Tiefkühlkost","False","https://img.rewe-static.de/9967604/44574735_digital-image.png"
"REWE Beste Wahl Hähnchen süß-sauer mit Basmatireis 400g","REWE Beste Wahl","4337256897693","2.49","400g","Tiefkühlkost","False","https://img.rewe-static.de/9955953/46660595_digital-image.png"
"REWE Beste Wahl Hähnchen Thai-Curry mit Basmatireis 400g","REWE Beste Wahl","4337256894081","2.49","400g","Tiefkühlkost","False","https://img.rewe-static.de/9951860/46660643_digital-image.png"
"Schwarmstedter Backofen Kartoffelpuffer 480g","Schwarmstedter","4006181003638","2.99","480g (1 kg = 6,23 €)","Tiefkühlkost","False","https://img.rewe-static.de/7606111/42627729_digital-image.png"
"Zott Monte Ice Cream 460ml","Zott","4014500519807","4.49","460ml (1 l = 9,76 €)","Tiefkühlkost","False","https://img.rewe-static.de/7621803/43044470_digital-image.png"
"Cremissimo Eis Eierlikör 825ml","Cremissimo","8711327615748","3.99","825ml (1 l = 4,84 €)","Tiefkühlkost","False","https://img.rewe-static.de/7602361/42760454_digital-image.png"
"REWE Beste Wahl Hähnchen Mediterran mit Pasta & Gemüse 400g","REWE Beste Wahl","4337256898843","2.49","400g","Tiefkühlkost","False","https://img.rewe-static.de/9955447/46591275_digital-image.png"
"Rewe Beste Wahl Argentinische Rotgarnelen 450g","REWE Beste Wahl","4337256563772","9.99","450g (1 kg = 22,20 €)","Tiefkühlkost","False","https://img.rewe-static.de/7961676/32493635_digital-image.png"
"Conditorei Coppenrath & Wiese Kleines Fest Erdbeer-Joghurt-Torte 580g","Conditorei Coppenrath & Wiese","4008577002034","6.99","580g (1 kg = 12,05 €)","Tiefkühlkost","False","https://img.rewe-static.de/7650569/41694812_digital-image.png"
"Cremissimo Eis Salted Caramel 825ml","Cremissimo","8711327616097","3.99","825ml (1 l = 4,84 €)","Tiefkühlkost","False","https://img.rewe-static.de/9057364/42760473_digital-image.png"
"Itsu Chicken Gyoza 240g","NA","5060262487440","4.99","240g (1 kg = 20,79 €)","Tiefkühlkost","False","https://img.rewe-static.de/7573756/44147180_digital-image.png"
"Lazy Vegan Korean Noodles 450g","NA","8719747260517","4.99","450g (1 kg = 11,09 €)","Tiefkühlkost","False","https://img.rewe-static.de/9067476/44320843_digital-image.png"
"Itsu Gyoza Veggie 270g","NA","5060262487426","4.99","270g (1 kg = 18,48 €)","Tiefkühlkost","False","https://img.rewe-static.de/9098071/44157498_digital-image.png"
"Raffaello Ice Cream Stick 4x47g","Raffaello","8000500363492","3.59","4x70g (1 l = 12,82 €)","Tiefkühlkost","False","https://img.rewe-static.de/7957604/32629173_digital-image.png"
"Block House Vegane Pfanne Chicken Style Teriyaki 455g","Block House","4009286154717","6.49","455g (1 kg = 14,26 €)","Tiefkühlkost","False","https://img.rewe-static.de/9063827/43399405_digital-image.png"
"Ferrero Rocher Stieleis White 280ml","Ferrero Rocher","8000500396438","3.59","280ml","Tiefkühlkost","False","https://img.rewe-static.de/9139470/43133360_digital-image.png"
"Mövenpick Speiseeis Brombeer Joghurt 850ml","Mövenpick","4008211004301","3.99","850ml (1 l = 4,69 €)","Tiefkühlkost","False","https://img.rewe-static.de/8903562/38472504_digital-image.png"
"Elvis Eis Amarena Kirsch 400ml","NA","4260733450060","5.99","400ml (1 l = 14,98 €)","Tiefkühlkost","False","https://img.rewe-static.de/8721691/35568875_digital-image.png"
"Iglo Filegro ASC Mexicana Tortilla & Limette 220g","Iglo","4250241209694","4.49","220g (1 kg = 20,41 €)","Tiefkühlkost","False","https://img.rewe-static.de/9094711/43805689_digital-image.png"
"Indonesia Bihun-Suppe 500g","Indonesia","4008002720007","2.29","500g (1 kg = 4,58 €)","Tiefkühlkost","False","https://img.rewe-static.de/8503002/34909586_digital-image.png"
"Little Moons Mochi Eis Yuzu & Lemon 192ml","Little Moons","5027324001822","4.99","192ml (1 l = 25,99 €)","Tiefkühlkost","False","https://img.rewe-static.de/3605001/41677019_digital-image.png"
"Walter Gott XXL Ice Cubes 900g","NA","4260031990176","3.49","900g (1 kg = 3,88 €)","Tiefkühlkost","False","https://img.rewe-static.de/9068967/44232142_digital-image.png"
"Elvis Eis Erdbeer Sorbet 400ml","NA","4260733450015","5.99","400ml (1 l = 14,98 €)","Tiefkühlkost","False","https://img.rewe-static.de/8725404/39444277_digital-image.png"
"Elvis Eis Passionsfrucht Mandarine vegan 400m","NA","4260733450916","5.99","400ml (1 l = 14,98 €)","Tiefkühlkost","False","https://img.rewe-static.de/7654704/41165605_digital-image.png"
"Kinder Chocolate Ice Cream 55ml","Kinder","8000500407219","2.1","55ml (1 l = 38,18 €)","Tiefkühlkost","False","https://img.rewe-static.de/7701778/38509060_digital-image.png"
"Ruf Happy Cake Zitronentarte 540g","Ruf","4002809960048","7.99","540g (1 kg = 14,80 €)","Tiefkühlkost","False","https://img.rewe-static.de/9061865/43254210_digital-image.png"
"Snack Master Mikrowellen Pommes Curvy 140g","NA","4006934773771","1.49","140g (1 kg = 10,64 €)","Tiefkühlkost","False","https://img.rewe-static.de/8764593/36838888_digital-image.png"
"Snackmaster Mikrowellen-Pommes Chili Cheese 220g","NA","4006181009043","2.99","220g (1 kg = 13,59 €)","Tiefkühlkost","False","https://img.rewe-static.de/9993822/44413554_digital-image.png"
"Snackmaster Potato Pockets Greek-Style 300g","NA","4006181008695","2.49","300g","Tiefkühlkost","False","https://img.rewe-static.de/7791074/39981959_digital-image.png"
"ja! Buttergemüse mit feiner Butter-Kräuter-Sauce 300g","ja!","4337256878319","0.99","300g (1 kg = 3,30 €)","Tiefkühlkost","False","https://img.rewe-static.de/5960010/24677562_digital-image.png"
"ja! Dino & Friends Hähnchenbrustfilet 400g","ja!","4337256254229","2.99","400g (1 kg = 7,48 €)","Tiefkühlkost","False","https://img.rewe-static.de/8372201/30721489_digital-image.png"
"ja! Chicken Nuggets 1000g","ja!","4337256533393","6.99","1000g","Tiefkühlkost","False","https://img.rewe-static.de/8370536/32732107_digital-image.png"
"ja! Garnelen á la Provence 250g","ja!","4337256589055","3.29","250g (1 kg = 13,16 €)","Tiefkühlkost","False","https://img.rewe-static.de/2565946/24710848_digital-image.png"
"ja! Beeren-Mischung 750g","ja!","4388860449037","2.99","750g (1 kg = 3,99 €)","Tiefkühlkost","False","https://img.rewe-static.de/2317794/24710801_digital-image.png"
"ja! Sandwich Eis Classic 8x90ml","ja!","4337256221757","1.99","8x90ml (1 l = 2,76 €)","Tiefkühlkost","False","https://img.rewe-static.de/7122765/27269881_digital-image.png"
"ja! Mozzarella Sticks 250g","ja!","4337256467971","2.29","250g (1 kg = 9,16 €)","Tiefkühlkost","False","https://img.rewe-static.de/8836740/36427643_digital-image.png"
"ja! Hähnchen Filetstreifen 250g","ja!","4337256533447","2.89","250g (1 kg = 11,56 €)","Tiefkühlkost","False","https://img.rewe-static.de/8371596/30592850_digital-image.png"
"ja! Chicken Nuggets 500g","ja!","4337256427760","3.99","500g (1 kg = 7,98 €)","Tiefkühlkost","False","https://img.rewe-static.de/2198265/23045464_digital-image.png"
"Ja! Pizza Salami 3x350g","ja!","4337256621571","3.99","3x350g (1 kg = 3,80 €)","Tiefkühlkost","False","https://img.rewe-static.de/8288407/29254277_digital-image.png"
"ja! Chili-Cheese Nuggets 250g","ja!","4337256702997","2.29","250g (1 kg = 9,16 €)","Tiefkühlkost","False","https://img.rewe-static.de/7787649/36426834_digital-image.png"
"ja! Mini Pizza Salami 360g","ja!","4337256208000","2.49","360g (1 kg = 6,92 €)","Tiefkühlkost","False","https://img.rewe-static.de/7928306/32853598_digital-image.png"
"ja! Curly Fries pikant gewürzt 600g","ja!","4337256778022","1.99","600g (1 kg = 3,32 €)","Tiefkühlkost","False","https://img.rewe-static.de/8074238/29948282_digital-image.png"
"ja! Hähnchenschenkel natur 1kg","ja!","4388844149175","3.69","1000g","Tiefkühlkost","False","https://img.rewe-static.de/2198745/24677422_digital-image.png"
"ja! Nudel Frikadellen Pfanne 600g","ja!","4337256620383","2.99","600g (1 kg = 4,98 €)","Tiefkühlkost","False","https://img.rewe-static.de/7693773/39296524_digital-image.png"
"ja! Steinofen Pizza Thunfisch 2x355g","ja!","4337256172509","3.59","2x355g (1 kg = 5,06 €)","Tiefkühlkost","False","https://img.rewe-static.de/8021080/31025544_digital-image.png"
"ja! Königsberger Klopse 450g","ja!","4337256349826","2.19","450g (1 kg = 4,87 €)","Tiefkühlkost","False","https://img.rewe-static.de/2045420/22059777_digital-image.png"
"ja! Mini-Windbeutel 250g","ja!","4337256281522","1.49","250g (1 kg = 5,96 €)","Tiefkühlkost","False","https://img.rewe-static.de/2146675/25921326_digital-image.png"
"ja! Mandel Bienenstich 600g","ja!","4337256762885","3.49","600g (1 kg = 5,82 €)","Tiefkühlkost","False","https://img.rewe-static.de/9034236/42663849_digital-image.png"
"ja! Salami Baguette 125g","ja!","4337256644945","2.99","6x125g (1 kg = 3,99 €)","Tiefkühlkost","False","https://img.rewe-static.de/8939449/40084630_digital-image.png"
"Ja! Brechbohnen 1000g","ja!","4337256544054","2.39","1000g","Tiefkühlkost","False","https://img.rewe-static.de/7084985/27166077_digital-image.png"
"ja! Schweine Schnitzel Wiener Art XXL 500g","ja!","4337256296601","4.99","500g (1 kg = 9,98 €)","Tiefkühlkost","False","https://img.rewe-static.de/8615856/34109771_digital-image.png"
"ja! Hamburger 1kg, 12 Patties","ja!","4337256135276","10.98","1000g","Tiefkühlkost","False","https://img.rewe-static.de/8341415/30060635_digital-image.png"
"ja! mini Zitronenröllchen 250g","ja!","4337256553391","3.49","250g (1 kg = 13,96 €)","Tiefkühlkost","False","https://img.rewe-static.de/8872105/38685307_digital-image.png"
"ja! Eis am Stiel Fruit Surfer 6x60ml","ja!","4337256554329","1.99","360ml (1 l = 5,53 €)","Tiefkühlkost","False","https://img.rewe-static.de/8354622/30198965_digital-image.png"
"ja! Mandel-Eis am Stiel 6x120ml","ja!","4337256211161","4.19","6x120ml (1 l = 5,82 €)","Tiefkühlkost","False","https://img.rewe-static.de/2099961/22187783_digital-image.png"
"ja! Eis am Stiel Nougat Crusher 6x68ml","ja!","4337256519823","2.49","6x68ml (1 l = 6,10 €)","Tiefkühlkost","False","https://img.rewe-static.de/7701010/37319823_digital-image.png"
"ja! Blumenkohl tiefgefroren 1kg","ja!","4337256537841","2.39","1000g","Tiefkühlkost","False","https://img.rewe-static.de/7067903/27166080_digital-image.png"
"ja! Eis Stracciatella 1000ml","ja!","4337256601177","2.19","1000ml","Tiefkühlkost","False","https://img.rewe-static.de/8254356/29107261_digital-image.png"
"ja! Kaisergemüse 1kg","ja!","4337256542432","2.39","1000g","Tiefkühlkost","False","https://img.rewe-static.de/2290204/24677317_digital-image.png"
"ja! Eis am Stiel Classic Maxi 6x120ml","ja!","4337256221894","4.19","6x120ml (1 l = 5,82 €)","Tiefkühlkost","False","https://img.rewe-static.de/3072954/26033749_digital-image.png"
"ja! Paella Pfanne mit Meeresfrüchten, Seelachsfilet und Hähnchenbrust 750g","ja!","4337256144421","3.49","750g (1 kg = 4,65 €)","Tiefkühlkost","False","https://img.rewe-static.de/8455387/31590197_digital-image.png"
"ja! Hähnchen Schnitzel XXL 500g","ja!","4337256298414","4.29","500g (1 kg = 8,58 €)","Tiefkühlkost","False","https://img.rewe-static.de/8611852/34078872_digital-image.png"
"ja! Chicken Wings Hot Style 750g","ja!","4337256397100","4.29","750g (1 kg = 5,72 €)","Tiefkühlkost","False","https://img.rewe-static.de/8521365/32388708_digital-image.png"
"ja! Junge Erbsen 1kg","ja!","4337256545235","2.39","1000g","Tiefkühlkost","False","https://img.rewe-static.de/7083761/27166086_digital-image.png"
"ja! Penne Gorgonzola mit feinem Blattspinat 750g","ja!","4337256339896","2.79","750g (1 kg = 3,72 €)","Tiefkühlkost","False","https://img.rewe-static.de/7857524/34578973_digital-image.png"
"ja! Sandwich Eis Fürst Pückler Art 8x90ml","ja!","4337256215503","1.99","8x90ml (1 l = 2,76 €)","Tiefkühlkost","False","https://img.rewe-static.de/7121696/27269887_digital-image.png"
"ja! Frutti di Mare 270g","ja!","4337256763172","3.99","270g (1 kg = 14,78 €)","Tiefkühlkost","False","https://img.rewe-static.de/8353087/30145865_digital-image.png"
"ja! Frühlingsrollen mit Gemüse 400g","ja!","4337256483551","2.79","400g (1 kg = 6,98 €)","Tiefkühlkost","False","https://img.rewe-static.de/7777815/36963261_digital-image.png"
"ja! Vanille Haselnuss Hörnchen 6 Stück","ja!","4337256573863","1.99","6x120ml (1 l = 2,76 €)","Tiefkühlkost","False","https://img.rewe-static.de/8370556/30592869_digital-image.png"
"ja! Weizenbrötchen 540g","ja!","4337256352338","1.19","540g (1 kg = 2,20 €)","Tiefkühlkost","False","https://img.rewe-static.de/2070128/22591030_digital-image.png"
"ja! Mini Berliner 300g","ja!","4337256640763","2.99","300g (1 kg = 9,97 €)","Tiefkühlkost","False","https://img.rewe-static.de/7682608/40132236_digital-image.png"
"ja! Mini Hörnchen Vanille & Schokolade 12x28ml","ja!","4388860070071","1.99","12x28ml (1 l = 5,92 €)","Tiefkühlkost","False","https://img.rewe-static.de/7161821/27269872_digital-image.png"
"ja! Ofen-Backfisch im Backteig MSC 240g","ja!","4337256753319","1.69","240g (1 kg = 7,04 €)","Tiefkühlkost","False","https://img.rewe-static.de/7622641/42425746_digital-image.png"
"ja! Schweine Mini Schnitzel 400g","ja!","4337256277716","4.29","400g (1 kg = 10,73 €)","Tiefkühlkost","False","https://img.rewe-static.de/8038162/30548183_digital-image.png"
"ja! Hähnchen Drumsticks BBQ Texas Style 750g","ja!","4337256290661","3.99","750g (1 kg = 5,32 €)","Tiefkühlkost","False","https://img.rewe-static.de/7879677/34078842_digital-image.png"
"ja! Eiscreme Bourbon-Vanille 2500ml","ja!","4337256605557","3.79","2500ml (1 l = 1,52 €)","Tiefkühlkost","False","https://img.rewe-static.de/5910480/3941390_digital-image.png"
"ja! Eiskonfekt 4x10 Stück 400ml","ja!","4337256503358","2.69","4x100ml (1 l = 6,73 €)","Tiefkühlkost","False","https://img.rewe-static.de/8132504/28734957_digital-image.png"
"ja! Milky Sticks Vanille 8x42ml","ja!","4337256722131","1.49","8x336ml","Tiefkühlkost","False","https://img.rewe-static.de/9004553/41648596_digital-image.png"
"ja! Eismeergarnelen 225g","ja!","4337256125208","3.59","225g (1 kg = 15,96 €)","Tiefkühlkost","False","https://img.rewe-static.de/8490914/32212870_digital-image.png"
"ja! Knisterspass Fruchteis 11x46ml","ja!","4337256706216","2.69","11x46ml (1 l = 5,32 €)","Tiefkühlkost","False","https://img.rewe-static.de/7643816/41648514_digital-image.png"
"ja! Lasagne Bolognese 400g","ja!","4337256197373","1.99","400g (1 kg = 4,98 €)","Tiefkühlkost","False","https://img.rewe-static.de/2269278/24677504_digital-image.png"
"ja! Eiscreme Caramell 5x70ml","ja!","4337256570367","2.39","5x70ml (1 l = 6,83 €)","Tiefkühlkost","False","https://img.rewe-static.de/8887227/38401567_digital-image.png"
"ja! Kartoffeltaschen Spinat Mozzarella 600g","ja!","4337256762632","2.49","600g (1 kg = 4,15 €)","Tiefkühlkost","False","https://img.rewe-static.de/7951547/32534725_digital-image.png"
"ja! Schweine Schnitzel Wiener Art 750g","ja!","4337256090797","6.29","750g (1 kg = 8,39 €)","Tiefkühlkost","False","https://img.rewe-static.de/8489310/31703504_digital-image.png"
"ja! Spaghetti Eis 3x167ml","ja!","4337256244527","1.79","3x170ml (1 l = 3,57 €)","Tiefkühlkost","False","https://img.rewe-static.de/2309834/23431803_digital-image.png"
"ja! Bami Goreng 750g","ja!","4337256338035","3.49","750g (1 kg = 4,65 €)","Tiefkühlkost","False","https://img.rewe-static.de/8452565/31589919_digital-image.png"
"ja! Eis am Stiel Joghurt-Himbeere 6x120ml","ja!","4337256110020","4.19","6x120ml (1 l = 5,82 €)","Tiefkühlkost","False","https://img.rewe-static.de/8476291/32061009_digital-image.png"
"ja! Bratkartoffelpfanne 600g","ja!","4337256347044","2.99","600g (1 kg = 4,98 €)","Tiefkühlkost","False","https://img.rewe-static.de/7856044/34602165_digital-image.png"
"ja! Eis Bourbon-Vanille 1000ml","ja!","4337256604994","2.19","1000ml","Tiefkühlkost","False","https://img.rewe-static.de/2564460/24710828_digital-image.png"
"ja! Sandwich Eis Bourbon Vanille 6x150ml","ja!","4337256324182","2.19","6x150ml (1 l = 2,43 €)","Tiefkühlkost","False","https://img.rewe-static.de/7861146/34578872_digital-image.png"
"ja! Broccoli Röschen tiefgefroren 1kg","ja!","4337256542722","2.39","1000g","Tiefkühlkost","False","https://img.rewe-static.de/7073900/27166083_digital-image.png"
"ja! Fischstäbchen 450g, 15 Stück","ja!","4337256318327","2.69","450g (1 kg = 5,98 €)","Tiefkühlkost","False","https://img.rewe-static.de/6540147/24677564_digital-image.png"
"ja! Suppengemüse 1kg","ja!","4337256542647","1.59","1000g","Tiefkühlkost","False","https://img.rewe-static.de/2290213/23431809_digital-image.png"
"ja! Baguette Schinken 125g","ja!","4337256645775","2.99","6x125g (1 kg = 3,99 €)","Tiefkühlkost","False","https://img.rewe-static.de/9024550/40084680_digital-image.png"
"ja! Hähnchen Filetsteaks 400g","ja!","4388860267723","4.99","400g (1 kg = 12,48 €)","Tiefkühlkost","False","https://img.rewe-static.de/2198857/30992228_digital-image.png"
"ja! King Prawns Garnelen 225g","ja!","4337256849609","3.29","225g (1 kg = 14,62 €)","Tiefkühlkost","False","https://img.rewe-static.de/2565945/24710843_digital-image.png"
"ja! Pommes Frites Feinschnitt 1kg","ja!","4337256770156","1.79","1000g","Tiefkühlkost","False","https://img.rewe-static.de/9035193/42908648_digital-image.png"
"ja! Rosenkohl tiefgefroren 1kg","ja!","4337256538701","2.39","1000g","Tiefkühlkost","False","https://img.rewe-static.de/7125770/27166971_digital-image.png"
"ja! Cannelloni Vier Käse mit Spinatfüllung 400g","ja!","4337256205825","1.99","400g (1 kg = 4,98 €)","Tiefkühlkost","False","https://img.rewe-static.de/7076962/27877437_digital-image.png"
"ja! Rahmspinat 450g","ja!","4337256603836","0.89","450g (1 kg = 1,98 €)","Tiefkühlkost","False","https://img.rewe-static.de/0207470/24710315_digital-image.png"
"ja! Bordelaise Schlemmer-Filet 400g","ja!","4337256285506","2.69","400g (1 kg = 6,73 €)","Tiefkühlkost","False","https://img.rewe-static.de/6539912/7306530_digital-image.png"
"ja! Eis am Stiel Mini Classic Mix 12x50ml","ja!","4388860077902","2.99","12x50ml (1 l = 4,98 €)","Tiefkühlkost","False","https://img.rewe-static.de/7122458/27269884_digital-image.png"
"ja! Mini Cordon Bleu 400g","ja!","4388860438727","4.29","400g (1 kg = 10,73 €)","Tiefkühlkost","False","https://img.rewe-static.de/8038378/30547994_digital-image.png"
"ja! Pommes Frites Wellenschnitt 1kg","ja!","4337256631495","1.79","1000g","Tiefkühlkost","False","https://img.rewe-static.de/2123526/22367768_digital-image.png"
"ja! Schweine Cordon Bleu 670g","ja!","4337256091169","6.29","670g (1 kg = 9,39 €)","Tiefkühlkost","False","https://img.rewe-static.de/8465499/31713420_digital-image.png"
"ja! Schweine Pfannengyros 500g","ja!","4337256097864","4.99","500g (1 kg = 9,98 €)","Tiefkühlkost","False","https://img.rewe-static.de/8501490/31713425_digital-image.png"
"ja! Steinofen Pizza Margherita 3x300g","ja!","4337256620604","2.99","3x300g (1 kg = 3,32 €)","Tiefkühlkost","False","https://img.rewe-static.de/8089206/29254263_digital-image.png"
"ja! Kroketten 750g","ja!","4337256165419","1.79","750g (1 kg = 2,39 €)","Tiefkühlkost","False","https://img.rewe-static.de/6322379/7763490_digital-image.png"
"ja! Rösti-Ecken 750g","ja!","4337256169486","1.79","750g (1 kg = 2,39 €)","Tiefkühlkost","False","https://img.rewe-static.de/7948844/32572058_digital-image.png"
"ja! Knusperfilet im Backteig 400g","ja!","4337256270502","2.79","400g (1 kg = 6,98 €)","Tiefkühlkost","False","https://img.rewe-static.de/7891291/33490139_digital-image.png"
"ja! Lachsfilet 250g","ja!","4337256449595","5.49","250g (1 kg = 21,96 €)","Tiefkühlkost","False","https://img.rewe-static.de/6343066/24677563_digital-image.png"
"ja! Bunte Gemüsemischung 1kg","ja!","4337256691451","2.39","1000g","Tiefkühlkost","False","https://img.rewe-static.de/9074580/41384244_digital-image.png"
"ja! Champignon Baguette 6x125g","ja!","4337256645348","2.99","6x125g","Tiefkühlkost","False","https://img.rewe-static.de/7675962/40084668_digital-image.png"
"ja! Chicken Wings Mild 750g","ja!","4337256397391","4.29","750g (1 kg = 5,72 €)","Tiefkühlkost","False","https://img.rewe-static.de/8560300/32461186_digital-image.png"
"ja! Criss Cross Pommes pikant gewürzt 600g","ja!","4337256583640","1.99","600g (1 kg = 3,32 €)","Tiefkühlkost","False","https://img.rewe-static.de/8311334/29948426_digital-image.png"
"ja! Rahm-Kaisergemüse 500g","ja!","4337256358132","1.79","500g (1 kg = 3,58 €)","Tiefkühlkost","False","https://img.rewe-static.de/8663407/35482092_digital-image.png"
"ja! Steinofen Pizza 4 Formaggi 2X340g","ja!","4337256336345","3.59","2x340g (1 kg = 5,28 €)","Tiefkühlkost","False","https://img.rewe-static.de/8378374/30799940_digital-image.png"
"ja! Tagliatelle Tomate-Spinat 750g","ja!","4337256882569","2.79","750g (1 kg = 3,72 €)","Tiefkühlkost","False","https://img.rewe-static.de/9975615/45737632_digital-image.png"
"ja! Back-Camembert 300g","ja!","4337256295536","2.49","300g (1 kg = 8,30 €)","Tiefkühlkost","False","https://img.rewe-static.de/8626092/33755964_digital-image.png"
"ja! Backfisch Stäbchen 15 Stück 405g","ja!","4337256263269","2.69","405g (1 kg = 6,64 €)","Tiefkühlkost","False","https://img.rewe-static.de/8633310/33489609_digital-image.png"
"ja! Blattspinat 1kg","ja!","4337256620253","2.39","1000g","Tiefkühlkost","False","https://img.rewe-static.de/8766834/36406654_digital-image.png"
"ja! Eiscreme-Riegel Peanut 5x70ml","ja!","4337256564700","2.39","5x70ml (1 l = 6,83 €)","Tiefkühlkost","False","https://img.rewe-static.de/7714113/38401526_digital-image.png"
"ja! Frühlingsrollen mit Hähnchen 400g","ja!","4337256694315","2.79","400g (1 kg = 6,98 €)","Tiefkühlkost","False","https://img.rewe-static.de/7779581/36963528_digital-image.png"
"ja! Hähnchenschnitten Cordon Bleu 500g","ja!","4337256428880","4.69","500g (1 kg = 9,38 €)","Tiefkühlkost","False","https://img.rewe-static.de/2202616/24677465_digital-image.png"
"ja! Knusperfilet mit Käse-Kräuter-Füllung 400g","ja!","4337256562751","2.79","400g (1 kg = 6,98 €)","Tiefkühlkost","False","https://img.rewe-static.de/8878429/38299147_digital-image.png"
"ja! Steinofen Pizza Speciale 2 Stück","ja!","4337256206563","3.59","2x330g (1 kg = 5,44 €)","Tiefkühlkost","False","https://img.rewe-static.de/8377055/31025966_digital-image.png"
"ja! Margherita Mini Pizza 360g","ja!","4337256438285","2.49","360g (1 kg = 6,92 €)","Tiefkühlkost","False","https://img.rewe-static.de/7799478/35972496_digital-image.png"
"ja! Vanille Erdbeer Hörnchen 6x120ml","ja!","4337256577168","1.99","6x120ml (1 l = 2,76 €)","Tiefkühlkost","False","https://img.rewe-static.de/8369554/30389880_digital-image.png"
"ja! Cevapcici für Pfanne und Grill 1kg","ja!","4388860565164","10.98","1000g","Tiefkühlkost","False","https://img.rewe-static.de/8339719/30060629_digital-image.png"
"ja! Chicken Burger 400g","ja!","4337256293686","3.29","400g (1 kg = 8,23 €)","Tiefkühlkost","False","https://img.rewe-static.de/8614834/34078791_digital-image.png"
"ja! Chicken Nuggets 300g","ja!","4337256254236","2.49","300g (1 kg = 8,30 €)","Tiefkühlkost","False","https://img.rewe-static.de/8374622/30721462_digital-image.png"
"ja! Makkaroni Auflauf 400g","ja!","4337256176484","1.99","400g (1 kg = 4,98 €)","Tiefkühlkost","False","https://img.rewe-static.de/8483301/32090350_digital-image.png"
"Ja! Prinzessbohnen 1000g","ja!","4337256543682","2.39","1000g","Tiefkühlkost","False","https://img.rewe-static.de/7097534/27166968_digital-image.png"
"ja! Eis am Stiel Mini Fruit Mix 12x50ml","ja!","4337256109628","2.99","12x50ml (1 l = 4,98 €)","Tiefkühlkost","False","https://img.rewe-static.de/8475869/31966150_digital-image.png"
"ja! Kartoffelpuffer 600g","ja!","4337256215961","1.79","600g (1 kg = 2,98 €)","Tiefkühlkost","False","https://img.rewe-static.de/7923861/33094686_digital-image.png"
"ja! Kartoffeltaschen Frischkäse-Kräuter-Füllung 600g, 10 Stück","ja!","4337256389822","2.49","600g (1 kg = 4,15 €)","Tiefkühlkost","False","https://img.rewe-static.de/7089413/27220639_digital-image.png"
"ja! Lasagne Gemüse 400g","ja!","4337256091510","1.99","400g (1 kg = 4,98 €)","Tiefkühlkost","False","https://img.rewe-static.de/8484122/32284529_digital-image.png"
"ja! Tortellini in Sahnesauce 400g","ja!","4337256118149","1.99","400g (1 kg = 4,98 €)","Tiefkühlkost","False","https://img.rewe-static.de/8515630/32732557_digital-image.png"
"ja! Frischkäse Jalapenos 250g","ja!","4337256468695","2.29","250g (1 kg = 9,16 €)","Tiefkühlkost","False","https://img.rewe-static.de/7785244/36427541_digital-image.png"
"ja! Tortelloni Käse-Sahne 750g","ja!","4337256611916","2.79","750g (1 kg = 3,72 €)","Tiefkühlkost","False","https://img.rewe-static.de/8915608/39297022_digital-image.png"
"ZooRoyal Grillhappen mit Huhn und Gemüse an Paprikacreme 150g","ZooRoyal","4337256657990","0.5","150g (1 kg = 3,33 €)","Tierbedarf","False","https://img.rewe-static.de/2983772/26544418_digital-image.png"
"Vitakraft Poésie Délice Sauce Rind 85g","Vitakraft","4008239352866","0.69","85g (1 kg = 8,12 €)","Tierbedarf","False","https://img.rewe-static.de/7177789/31505628_digital-image.png"
"Vitakraft Poesie Delice Herz in Sauce 85g","Vitakraft","4008239352897","0.69","85g (1 kg = 8,12 €)","Tierbedarf","False","https://img.rewe-static.de/7177994/38255722_digital-image.png"
"Vitakraft pure Chicken Kaustangen mit Hühnchen 80g","Vitakraft","4008239585974","2.29","80g (1 kg = 28,63 €)","Tierbedarf","False","https://img.rewe-static.de/8873051/37779366_digital-image.png"
"Vitakraft pure Duck Entenbrustfiletstreifen 80g","Vitakraft","4008239585943","2.29","80g (1 kg = 28,63 €)","Tierbedarf","False","https://img.rewe-static.de/8875637/37719006_digital-image.png"
"ZooRoyal Saftige Pastete Rind 175g","ZooRoyal","4337256558570","1.29","175g (1 kg = 7,37 €)","Tierbedarf","False","https://img.rewe-static.de/7720105/37912174_digital-image.png"
"Purina Gourmet Gold Feine Pastete mit Thunfisch 85g","Purina Gourmet","40053981","0.65","85g (1 kg = 7,65 €)","Tierbedarf","False","https://img.rewe-static.de/6855113/3681650_digital-image.png"
"Purina Gourmet Gold Ragout mit Thunfisch 85g","Purina Gourmet","7613035439726","0.65","85g (1 kg = 7,65 €)","Tierbedarf","False","https://img.rewe-static.de/2780746/25812795_digital-image.png"
"Sheba Portionsbeutel Multipack Fresh & Fine in Sauce mit Huhn und Truthahn 6x50g","Sheba","4770608259709","2.49","6x50g (1 kg = 8,30 €)","Tierbedarf","False","https://img.rewe-static.de/8511219/32363263_digital-image.png"
"Purina Gourmet Gold Ragout Lachs & Seelachs 85g","Purina Gourmet","7613037939941","0.65","85g (1 kg = 7,65 €)","Tierbedarf","False","https://img.rewe-static.de/8017589/42894395_digital-image.png"
"ZooRoyal Delikate Suppe Seelachsfilet & Spinat 40g","ZooRoyal","4388860721461","0.65","40g (1 kg = 16,25 €)","Tierbedarf","False","https://img.rewe-static.de/7283043/28590117_digital-image.png"
"ZooRoyal Delikate Suppe Hühnerbrustfilet & Karotte 40g","ZooRoyal","4388860729405","0.65","40g (1 kg = 16,25 €)","Tierbedarf","False","https://img.rewe-static.de/7284528/28590114_digital-image.png"
"Frolic Rodeo Twistos Beutel mit Rind Stück","Frolic","5998749120552","1.29","105g (1 kg = 12,29 €)","Tierbedarf","False","https://img.rewe-static.de/1297802/16905580_digital-image.png"
"Purina One Sterilcat mit Truthahn & grünen Bohnen 85g","Purina One","7613034452658","0.79","85g (1 kg = 9,29 €)","Tierbedarf","False","https://img.rewe-static.de/2081645/23431951_digital-image.png"
"Purina One Indoor Formula Thunfisch & grünen Bohnen 85g","Purina One","7613034460981","0.79","85g (1 kg = 9,29 €)","Tierbedarf","False","https://img.rewe-static.de/2081640/23432054_digital-image.png"
"ZooRoyal Classic Menü 3 Sorten Geflügel 800g","ZooRoyal","4337256632249","2.49","800g (1 kg = 3,11 €)","Tierbedarf","False","https://img.rewe-static.de/7682552/41065403_digital-image.png"
"Cesar Schale Landragout mit Geflügel und Gemüse 150g","Cesar","4008429041105","0.89","150g (1 kg = 5,93 €)","Tierbedarf","False","https://img.rewe-static.de/9705767/21420476_digital-image.png"
"Purina Felix So gut wie es aussieht Geschmacksvielfalt vom Land in Gelee 12x85g","Felix","7613036894548","4.79","12x85g (1 kg = 4,70 €)","Tierbedarf","False","https://img.rewe-static.de/8057700/29881288_digital-image.png"
"ZooRoyal Rind & Leber Pastete 175g","ZooRoyal","4337256037518","1.29","175g (1 kg = 7,37 €)","Tierbedarf","False","https://img.rewe-static.de/7167809/27916344_digital-image.png"
"ZooRoyal Saftige Pastete Huhn 175g","ZooRoyal","4337256559065","1.29","175g (1 kg = 7,37 €)","Tierbedarf","False","https://img.rewe-static.de/7719822/37912172_digital-image.png"
"ZooRoyal Huhn & Herz Pastete 175g","ZooRoyal","4337256034777","1.29","175g (1 kg = 7,37 €)","Tierbedarf","False","https://img.rewe-static.de/7167112/27916216_digital-image.png"
"Vitakraft Beef-Stick Original mit Rind 2x12g","Vitakraft","4008239155511","0.89","24g (1 kg = 37,08 €)","Tierbedarf","False","https://img.rewe-static.de/0992817/9693960_digital-image.png"
"ZooRoyal Bio Pastete Rind & Leber 100g","ZooRoyal","4337256349598","0.59","100g (1 kg = 5,90 €)","Tierbedarf","False","https://img.rewe-static.de/8658164/36642589_digital-image.png"
"ZooRoyal Classic Menü Rind, Karotte & Nudeln 800g","ZooRoyal","4337256641975","1.99","800g (1 kg = 2,49 €)","Tierbedarf","False","https://img.rewe-static.de/7682768/41065426_digital-image.png"
"ZooRoyal Grillhappen Rind Karotte 150g","ZooRoyal","4337256657136","0.5","150g (1 kg = 3,33 €)","Tierbedarf","False","https://img.rewe-static.de/8235071/29182430_digital-image.png"
"Purina One Bifensis Senior mit Huhn 750g","Purina One","8445290023988","3.95","750g (1 kg = 5,27 €)","Tierbedarf","False","https://img.rewe-static.de/8845626/38458629_digital-image.png"
"ZooRoyal Classic Menü Lamm, Rind & Huhn 800g","ZooRoyal","4337256639439","1.99","800g (1 kg = 2,49 €)","Tierbedarf","False","https://img.rewe-static.de/8937379/41065422_digital-image.png"
"ZooRoyal Classic Menü Ente & Rind 800g","ZooRoyal","4337256630955","2.49","800g (1 kg = 3,11 €)","Tierbedarf","False","https://img.rewe-static.de/7681963/41065418_digital-image.png"
"Elles Meisenknödel 6Stück","Elles","4251871690432","1.29","540 Stück","Tierbedarf","False","https://img.rewe-static.de/8694390/34183939_digital-image.png"
"Sheba Portionsbeutel Selection in Sauce mit Huhn 85g","Sheba","3065890096806","0.44","85g (1 kg = 5,18 €)","Tierbedarf","True","https://img.rewe-static.de/0129385/830030_digital-image.png"
"Sheba Portionsbeutel Selection in Sauce mit Lachs 85g","Sheba","3065890096820","0.44","85g (1 kg = 5,18 €)","Tierbedarf","True","https://img.rewe-static.de/0129382/38670398_digital-image.png"
"ZooRoyal Junior Lamm & Kalb 400g","ZooRoyal","4388860559088","1.49","400g (1 kg = 3,73 €)","Tierbedarf","False","https://img.rewe-static.de/8205986/29313371_digital-image.png"
"Sheba Portionsbeutel Delikatesse in Sauce mit Rind 85g","Sheba","4770608264383","0.44","85g (1 kg = 5,18 €)","Tierbedarf","True","https://img.rewe-static.de/8398967/33421848_digital-image.png"
"Purina Felix Thunfisch in Gelee 85g","Felix","7613036894784","0.59","85g (1 kg = 6,94 €)","Tierbedarf","False","https://img.rewe-static.de/8322083/31502346_digital-image.png"
"Sheba Portionsbeutel Delikatesse in Gelee mit Truthahn 85g","Sheba","3065890104440","0.44","85g (1 kg = 5,18 €)","Tierbedarf","True","https://img.rewe-static.de/0556123/23900720_digital-image.png"
"Sheba Portionsbeutel Delikatesse in Gelee mit Thunfisch 85g","Sheba","4770608247386","0.44","85g (1 kg = 5,18 €)","Tierbedarf","True","https://img.rewe-static.de/1916472/23901130_digital-image.png"
"Vitakraft Vita Garden Protein Mix 1kg","Vitakraft","4008239308931","2.99","1kg","Tierbedarf","False","https://img.rewe-static.de/2702829/28977799_digital-image.png"
"Whiskas Portionsbeutel Multipack Tasty Mix Country Collection in Sauce 12x85g","Whiskas","4008429156113","4.79","12x85g (1 kg = 4,70 €)","Tierbedarf","False","https://img.rewe-static.de/8886295/38317594_digital-image.png"
"Purina Beneful Kleine Genießer Rind und Gartengemüse 1,4kg","Beneful","7613287869739","4.79","1,40kg (1 kg = 3,42 €)","Tierbedarf","False","https://img.rewe-static.de/0938279/12951160_digital-image.png"
"Vitakraft Beef-Stick Hot Dog 1 Stück","Vitakraft","4008239234148","1.49","30g (1 kg = 49,67 €)","Tierbedarf","False","https://img.rewe-static.de/7016387/23333244_digital-image.png"
"Purina Dentalife Daily Oral Care Medium 12-25kg, 115g","Purina","7613035378728","1.29","115g (1 kg = 11,22 €)","Tierbedarf","False","https://img.rewe-static.de/2924677/25812800_digital-image.png"
"ZooRoyal Rind + Multifleisch-Cocktail 800g","ZooRoyal","4337256369657","2.69","800g (1 kg = 3,36 €)","Tierbedarf","False","https://img.rewe-static.de/8371759/39507922_digital-image.png"
"Moon Ranger Pferd mit Pastinake 400g","Moon Ranger","4337256373241","2.29","400g (1 kg = 5,73 €)","Tierbedarf","False","https://img.rewe-static.de/8383821/36776663_digital-image.png"
"ZooRoyal Enten-Brustfilets 125g","ZooRoyal","4337256387569","2.09","125g (1 kg = 16,72 €)","Tierbedarf","False","https://img.rewe-static.de/7832418/37459445_digital-image.png"
"Purina Felix Crispies mit Lachs & Forelle 45g","Felix","7613034290571","1.09","45g (1 kg = 24,22 €)","Tierbedarf","False","https://img.rewe-static.de/1964408/21600885_digital-image.png"
"Vitakraft Pure Chicken Duo Fisch Hühnchen und Fisch 80g","Vitakraft","4008239585882","2.29","80g (1 kg = 28,63 €)","Tierbedarf","False","https://img.rewe-static.de/8872149/39186500_digital-image.png"
"ZooRoyal Rind + Pute 800g","ZooRoyal","4337256379434","2.69","800g (1 kg = 3,36 €)","Tierbedarf","False","https://img.rewe-static.de/8038957/36278134_digital-image.png"
"Purina Felix Sensations Soße Geschmacksvielfalt vom Land 12x85g","Felix","7613036893619","4.79","12x85g (1 kg = 4,70 €)","Tierbedarf","False","https://img.rewe-static.de/8068606/29881514_digital-image.png"
"Purina Felix Sensations Gelee Geschmacksvielfalt vom Land 12x85g","Felix","7613036894586","4.79","12x85g (1 kg = 4,70 €)","Tierbedarf","False","https://img.rewe-static.de/8324005/29881391_digital-image.png"
"ZooRoyal Dental Snack 70g","ZooRoyal","4337256534406","0.59","70g","Tierbedarf","False","https://img.rewe-static.de/8936880/37948235_digital-image.png"
"ZooRoyal Entenherzen 400g","ZooRoyal","4337256370882","1.49","400g (1 kg = 3,73 €)","Tierbedarf","False","https://img.rewe-static.de/8336921/31442621_digital-image.png"
"Purina Felix Sensations Extras Gelee Geschmacksvielfalt vom Land 12x85g","Felix","7613036894760","4.79","12x85g (1 kg = 4,70 €)","Tierbedarf","False","https://img.rewe-static.de/8321807/29881385_digital-image.png"
"Purina One Bifensis Indoor Formula Truthahn 750g","Purina One","8445290067289","3.95","750g (1 kg = 5,27 €)","Tierbedarf","False","https://img.rewe-static.de/7736327/37356518_digital-image.png"
"ZooRoyal Rind Plus Pur 400g","ZooRoyal","4337256376587","1.55","400g (1 kg = 3,88 €)","Tierbedarf","False","https://img.rewe-static.de/8374246/31552976_digital-image.png"
"Pedigree Dose 3 Sorten Fleisch Classic Rind, Lamm und Huhn 800g","Pedigree","3065890134966","2.59","800g (1 kg = 3,24 €)","Tierbedarf","False","https://img.rewe-static.de/1302549/17744290_digital-image.png"
"Cesar Schale Landragout mit Truthahn, Rind und Kräutern 150g","Cesar","4008429041013","0.89","150g (1 kg = 5,93 €)","Tierbedarf","False","https://img.rewe-static.de/9705783/33031348_digital-image.png"
"ZooRoyal Dental Kausnack 210g","ZooRoyal","4337256410359","0.99","210g (1 kg = 4,71 €)","Tierbedarf","False","https://img.rewe-static.de/8552120/36682960_digital-image.png"
"Whiskas Knuspertaschen Becher mit Lachs 60g","Whiskas","5998749108536","1.45","60g (1 kg = 24,17 €)","Tierbedarf","False","https://img.rewe-static.de/0525105/9724770_digital-image.png"
"Catsan Ultra plus 5l","Catsan","4008429022128","6.99","5l (1 l = 1,40 €)","Tierbedarf","False","https://img.rewe-static.de/6970184/2212330_digital-image.png"
"ZooRoyal Senior Pastete Geflügel 100g","ZooRoyal","4337256045186","0.45","100g (1 kg = 4,50 €)","Tierbedarf","False","https://img.rewe-static.de/8113035/29088665_digital-image.png"
"ZooRoyal Katzen Schleckies mit Milch und Käse 8x15g","ZooRoyal","4337256529440","1.39","8x15g (1 kg = 11,58 €)","Tierbedarf","False","https://img.rewe-static.de/8844978/37687008_digital-image.png"
"ZooRoyal Genuss Pastete Seelachs Scholle 85g","ZooRoyal","4337256069168","0.45","85g (1 kg = 5,29 €)","Tierbedarf","False","https://img.rewe-static.de/8474950/31569235_digital-image.png"
"ZooRoyal Genusspastete Rind Truthan Spinat 85g","ZooRoyal","4388860261233","0.45","85g (1 kg = 5,29 €)","Tierbedarf","False","https://img.rewe-static.de/8241703/29032765_digital-image.png"
"ZooRoyal Genuss Pastete Geflügel Leber Kräuter 85g","ZooRoyal","4337256075992","0.45","85g (1 kg = 5,29 €)","Tierbedarf","False","https://img.rewe-static.de/8448528/31569197_digital-image.png"
"ZooRoyal Genusspastete Huhn Kalb Julienne-Karotte 85g","ZooRoyal","4388860260496","0.45","85g (1 kg = 5,29 €)","Tierbedarf","False","https://img.rewe-static.de/8118031/29032760_digital-image.png"
"Vitakraft Vita Garden Knödel für Gartenvögel 360g","Vitakraft","4008239308955","1.69","360g (1 kg = 4,69 €)","Tierbedarf","False","https://img.rewe-static.de/2716982/31505623_digital-image.png"
"ZooRoyal Kaustreifen mit Leberwurst 200g","ZooRoyal","4337256323987","0.79","200g (1 kg = 3,95 €)","Tierbedarf","False","https://img.rewe-static.de/8648454/34868663_digital-image.png"
"Vitakraft Beef-Stick Original mit Rind 1 Stück","Vitakraft","4008239230096","0.49","12g (1 kg = 40,83 €)","Tierbedarf","False","https://img.rewe-static.de/5434149/2039520_digital-image.png"
"Purina Felix Sensations Soße Geschmacksvielfalt aus dem Wasser 12x85g","Felix","7613036893633","4.79","12x85g (1 kg = 4,70 €)","Tierbedarf","False","https://img.rewe-static.de/8340150/29881124_digital-image.png"
"Whiskas Knuspertaschen mit Huhn und Käse 60g","Whiskas","5998749108550","1.45","60g (1 kg = 24,17 €)","Tierbedarf","False","https://img.rewe-static.de/1094610/2503160_digital-image.png"
"ZooRoyal Vogelsand mit Muschelgrit & Anisöl 2,5kg","ZooRoyal","4337256086578","0.99","2,50kg (1 kg = 0,40 €)","Tierbedarf","False","https://img.rewe-static.de/8462156/32517653_digital-image.png"
"Vitakraft pure Chicken Filets 80g","Vitakraft","4008239586025","2.29","80g (1 kg = 28,63 €)","Tierbedarf","False","https://img.rewe-static.de/8876638/38024728_digital-image.png"
"Vitakraft Beef-Stick Original Lamm 1 Stück","Vitakraft","4008239231093","0.49","12g (1 kg = 40,83 €)","Tierbedarf","False","https://img.rewe-static.de/6873987/13683640_digital-image.png"
"ZooRoyal Gourmet Sticks Rind mit Käse 66g","ZooRoyal","4337256115483","1.09","6x11g","Tierbedarf","False","https://img.rewe-static.de/8482073/32291093_digital-image.png"
"Pedigree Jumbone Riesenknochen Beutel Medium mit Rind und Geflügel 2 Stück","Pedigree","5998749139851","1.69","180g (1 kg = 9,39 €)","Tierbedarf","False","https://img.rewe-static.de/8362926/31504938_digital-image.png"
"Pedigree Jumbone Riesenknochen Beutel Mini mit Rind und Geflügel 8 x 4 Stück","Pedigree","5998749139400","1.69","160g (1 kg = 10,56 €)","Tierbedarf","False","https://img.rewe-static.de/8042327/30643298_digital-image.png"
"Moon Ranger Wildlachs Streifen 70g","ZooRoyal","4337256378284","1.99","70g (1 kg = 28,43 €)","Tierbedarf","False","https://img.rewe-static.de/8056981/36900830_digital-image.png"
"ZooRoyal Katzen-Schleckies mit Leberwurst 8x15g","ZooRoyal","4337256581721","1.29","8x15g (1 kg = 10,75 €)","Tierbedarf","False","https://img.rewe-static.de/3147433/26545089_digital-image.png"
"Purina Felix Knabbermix Dreikäsehoch 60g","Felix","7613034096838","1.09","60g (1 kg = 18,17 €)","Tierbedarf","False","https://img.rewe-static.de/1497519/21809239_digital-image.png"
"Vitakraft Pure Chicken Kaustange mit Hühnchen und Käse 250g","Vitakraft","4008239585950","2.29","80g (1 kg = 28,63 €)","Tierbedarf","False","https://img.rewe-static.de/8872753/38024684_digital-image.png"
"Perfect Fit Adult Reich an Rind 750g","Perfect Fit","5900951307775","3.99","750g (1 kg = 5,32 €)","Tierbedarf","False","https://img.rewe-static.de/8924806/40872608_digital-image.png"
"Purina Felix Ocean Sensations 1kg","Felix","7613032728090","3.59","1kg","Tierbedarf","False","https://img.rewe-static.de/0947042/16831580_digital-image.png"
"Vitakraft Beef-Burger mit Geflügel 2 Stück","Vitakraft","4008239232960","0.99","18g (1 kg = 55 €)","Tierbedarf","False","https://img.rewe-static.de/6928676/9695520_digital-image.png"
"Perfekt Fit Senior 7+ Reich an Huhn 750g","NA","5900951307546","3.99","750g (1 kg = 5,32 €)","Tierbedarf","False","https://img.rewe-static.de/7686303/41165248_digital-image.png"
"Vitakraft Poesie Delikatess Sauce Huhn 85g","Vitakraft","4008239352842","0.69","85g (1 kg = 8,12 €)","Tierbedarf","False","https://img.rewe-static.de/7178653/28766902_digital-image.png"
"Vitakraft Poesie Delisauce + Pute 85g","Vitakraft","4008239352859","0.69","85g (1 kg = 8,12 €)","Tierbedarf","False","https://img.rewe-static.de/7177078/28767134_digital-image.png"
"ZooRoyal Rind mit Kartoffeln & Möhren 400g","ZooRoyal","4337256412360","1.69","400g (1 kg = 4,23 €)","Tierbedarf","False","https://img.rewe-static.de/3279225/26936676_digital-image.png"
"ZooRoyal Huhn mit Zucchini & Möhren 400g","ZooRoyal","4337256146609","1.69","400g (1 kg = 4,23 €)","Tierbedarf","False","https://img.rewe-static.de/3279228/26937376_digital-image.png"
"Sheba Schale Nature´s Collection in Sauce mit Huhn 85g","Sheba","4008429142116","0.44","85g (1 kg = 5,18 €)","Tierbedarf","True","https://img.rewe-static.de/7905931/34796982_digital-image.png"
"ZooRoyal Wildvariation 400g","ZooRoyal","4337256368445","1.49","400g (1 kg = 3,73 €)","Tierbedarf","False","https://img.rewe-static.de/8059323/31442626_digital-image.png"
"Perfect Fit Indoor 1+ mit Huhn 750g","Perfect Fit","5900951307553","3.99","750g (1 kg = 5,32 €)","Tierbedarf","False","https://img.rewe-static.de/8926408/39588093_digital-image.png"
"Perfect Fit Sensitive 1+ mit Truthahn 750g","Perfect Fit","4008429160318","3.99","750g (1 kg = 5,32 €)","Tierbedarf","False","https://img.rewe-static.de/7686314/39588090_digital-image.png"
"Elles Fettfutter 1kg","Elles","4251871670328","1.99","1kg","Tierbedarf","False","https://img.rewe-static.de/7867861/34086946_digital-image.png"
"Vitakraft Kräcker Trio Banane, Kräuter, Kiwi 3 Stück","Vitakraft","4008239212375","1.69","90g (1 kg = 18,78 €)","Tierbedarf","False","https://img.rewe-static.de/0826634/22138239_digital-image.png"
"Vitakraft Kräcker Trio Honig/Orange/PopCorn 3 Stück","Vitakraft","4008239212399","1.69","1 Stück","Tierbedarf","False","https://img.rewe-static.de/0826677/23431725_digital-image.png"
"Vitakraft Kräcker + Gemüse & Rote Beete Zwergkaninchen2 Stück","Vitakraft","4008239250155","1.69","112g (1 kg = 15,09 €)","Tierbedarf","False","https://img.rewe-static.de/4867475/23430210_digital-image.png"
"Pedigree Dose 3 Sorten Geflügel Classic 800g","Pedigree","4008429055973","2.59","800g (1 kg = 3,24 €)","Tierbedarf","False","https://img.rewe-static.de/1302551/16955680_digital-image.png"
"Sheba Schale Classics in Pastete mit Ente und Huhn 85g","Sheba","3065890131880","0.44","85g (1 kg = 5,18 €)","Tierbedarf","True","https://img.rewe-static.de/2924988/25980092_digital-image.png"
"Sheba Schale Classics in Pastete mit Geflügel Cocktail 85g","Sheba","4008429069734","0.44","85g (1 kg = 5,18 €)","Tierbedarf","True","https://img.rewe-static.de/2308808/23645303_digital-image.png"
"Cesar Schale Landküche Rind, Pasta und Karotten 150g","Cesar","4008429052187","0.89","150g (1 kg = 5,93 €)","Tierbedarf","False","https://img.rewe-static.de/1153584/24024919_digital-image.png"
"Pedigree DentaStix Medium 128g","Pedigree","5998749141922","1.69","128g (1 kg = 13,20 €)","Tierbedarf","False","https://img.rewe-static.de/7899951/33234257_digital-image.png"
"ZooRoyal Pastete Huhn und Leber 150g","ZooRoyal","4337256655156","0.5","150g (1 kg = 3,33 €)","Tierbedarf","False","https://img.rewe-static.de/8235475/28993705_digital-image.png"
"ZooRoyal Lachspastete mit Forelle 100g","ZooRoyal","4337256242110","0.45","100g (1 kg = 4,50 €)","Tierbedarf","False","https://img.rewe-static.de/2983992/26545025_digital-image.png"
"ZooRoyal Wiesenheu mit natürlichem Kräuteranteil 1kg","ZooRoyal","4337256101110","1.55","1kg","Tierbedarf","False","https://img.rewe-static.de/7977347/32426161_digital-image.png"
"Purina Gourmet Revelations Mousse mit Thunfisch 2x57g","Purina","7613287071125","1.69","2x57g (1 kg = 14,82 €)","Tierbedarf","False","https://img.rewe-static.de/8548167/36086164_digital-image.png"
"ZooRoyal Nagerfutter mit Luzerne 1kg","ZooRoyal","4337256783453","1.39","1kg","Tierbedarf","False","https://img.rewe-static.de/9052892/43070778_digital-image.png"
"Purina Gourmet Perle mit Huhn in Gelée 85g","Purina","7613287920720","0.65","85g (1 kg = 7,65 €)","Tierbedarf","False","https://img.rewe-static.de/8702867/37199946_digital-image.png"
"ZooRoyal Monoprotein Pastete Huhn Pur 100g","ZooRoyal","4337256546256","0.45","100g (1 kg = 4,50 €)","Tierbedarf","False","https://img.rewe-static.de/8112733/29033400_digital-image.png"
"ZooRoyal Monoprotein Pastete Pute Pur 100g","ZooRoyal","4337256517362","0.45","100g (1 kg = 4,50 €)","Tierbedarf","False","https://img.rewe-static.de/8003642/31569073_digital-image.png"
"ZooRoyal Schlemmer Liebe mit Huhn 85g","ZooRoyal","4337256366366","0.69","85g","Tierbedarf","False","https://img.rewe-static.de/7851345/35110926_digital-image.png"
"Gourmet A la Carte mit Huhn 85g","Purina Gourmet","7613032729400","0.69","85g (1 kg = 8,12 €)","Tierbedarf","False","https://img.rewe-static.de/0937502/8131030_digital-image.png"
"Purina One Bifensis Sensitive Truthahn 750g","Purina One","8445290040527","3.95","750g (1 kg = 5,27 €)","Tierbedarf","False","https://img.rewe-static.de/8846434/37356638_digital-image.png"
"ZooRoyal Huhn Pastete mit Schlemmerkern 100g","ZooRoyal","4337256395106","0.45","100g (1 kg = 4,50 €)","Tierbedarf","False","https://img.rewe-static.de/7832402/35914251_digital-image.png"
"ZooRoyal Bio Pastete Geflügel & Rind 150g","ZooRoyal","4337256358286","0.79","150g (1 kg = 5,27 €)","Tierbedarf","False","https://img.rewe-static.de/8666802/36027254_digital-image.png"
"Gourmet Perle Erlesene Streifen mit Rind 85g","Purina Gourmet","4000487225930","0.65","85g (1 kg = 7,65 €)","Tierbedarf","False","https://img.rewe-static.de/0131636/22133373_digital-image.png"
"ZooRoyal Leber Pastete mit Rind 100g","ZooRoyal","4337256555357","0.45","100g","Tierbedarf","False","https://img.rewe-static.de/7716171/38300549_digital-image.png"
"ZooRoyal Gourmet Leckerbissen Hühnchenfleisch 85g","ZooRoyal","4388860237573","0.59","85g (1 kg = 6,94 €)","Tierbedarf","False","https://img.rewe-static.de/8134121/29318713_digital-image.png"
"ZooRoyal Truthahn Pastete auf Aspik 100g","ZooRoyal","4337256559119","0.45","100g","Tierbedarf","False","https://img.rewe-static.de/8881077/38300535_digital-image.png"
"Gourmet Perle Forelle 85g","Purina Gourmet","7613033058165","0.65","85g (1 kg = 7,65 €)","Tierbedarf","False","https://img.rewe-static.de/1131934/22375397_digital-image.png"
"Felix Junior mit Huhn in Gelee 85g","Felix","7613036893695","0.59","85g (1 kg = 6,94 €)","Tierbedarf","False","https://img.rewe-static.de/8068791/43405652_digital-image.png"
"ZooRoyal Gourmet Leckerbissen Putenfleisch 85g","ZooRoyal","4388860559934","0.59","85g (1 kg = 6,94 €)","Tierbedarf","False","https://img.rewe-static.de/8134013/29318807_digital-image.png"
"Purina One Sensitive mit Huhn & Karotte 85g","Purina One","7613034452634","0.79","85g (1 kg = 9,29 €)","Tierbedarf","False","https://img.rewe-static.de/2081641/23431131_digital-image.png"
"Purina One Adult mit Rind & Karotte 85g","Purina One","7613034452696","0.79","85g (1 kg = 9,29 €)","Tierbedarf","False","https://img.rewe-static.de/2081642/23431134_digital-image.png"
"ZooRoyal Hühnerbrustfilets 125g","ZooRoyal","4337256326155","2.09","125g (1 kg = 16,72 €)","Tierbedarf","False","https://img.rewe-static.de/8695302/37887381_digital-image.png"
"Elles Winterstreufutter 1kg","Elles","4251871668189","1.79","1kg","Tierbedarf","False","https://img.rewe-static.de/8643758/34272683_digital-image.png"
"Purina Felix So gut wie es aussieht Gemischte Vielfalt mit Gemüse in Gelee 12x85g","Felix","7613036894562","4.79","12x85g (1 kg = 4,70 €)","Tierbedarf","False","https://img.rewe-static.de/8322844/29854640_digital-image.png"
"Vitakraft Vita Verde Löwenzahn 500g","Vitakraft","4008239130679","2.79","500g (1 kg = 5,58 €)","Tierbedarf","False","https://img.rewe-static.de/4296281/2127170_digital-image.png"
"Purina Felix Sensations Crunchy Geschmacksvielfalt vom Land 10x85g","Felix","7613036908627","4.79","10x85g (1 kg = 5,64 €)","Tierbedarf","False","https://img.rewe-static.de/8069553/29880939_digital-image.png"
"ZooRoyal Kleintierstreu 60l","ZooRoyal","4337256088640","2.49","60l (1 l = 0,04 €)","Tierbedarf","False","https://img.rewe-static.de/8457574/32517632_digital-image.png"
"ZooRoyal Pastete mit Kalb, Kartoffeln und Karotten 150g","ZooRoyal","4337256659598","0.5","150g (1 kg = 3,33 €)","Tierbedarf","False","https://img.rewe-static.de/2983969/26544421_digital-image.png"
"ZooRoyal Kleintierstreu 15l","ZooRoyal","4337256091909","0.79","15l","Tierbedarf","False","https://img.rewe-static.de/8489730/34900358_digital-image.png"
"Vitakraft Lofty's für Nager 100g","Vitakraft","4008239251244","1.69","100g (1 kg = 16,90 €)","Tierbedarf","False","https://img.rewe-static.de/0822787/23430503_digital-image.png"
"Gourmet A la Carte mit Hochseefisch 85g","Purina Gourmet","7613032729004","0.69","85g (1 kg = 8,12 €)","Tierbedarf","False","https://img.rewe-static.de/0953916/18588730_digital-image.png"
"Purina Felix Knabbermix Grillspaß 60g","Felix","7613033742484","1.09","60g (1 kg = 18,17 €)","Tierbedarf","False","https://img.rewe-static.de/1281337/16376260_digital-image.png"
"ZooRoyal Mini Mix mit Rind, Hühnchen & Wild 60g","ZooRoyal","4388860186727","0.99","60g (1 kg = 16,50 €)","Tierbedarf","False","https://img.rewe-static.de/3205574/26699623_digital-image.png"
"Purina Felix So gut wie es aussieht Gemischte Vielfalt in Gelee Senior 12x85g","Felix","7613036893596","4.79","12x85g (1 kg = 4,70 €)","Tierbedarf","False","https://img.rewe-static.de/8323147/29880347_digital-image.png"
"Vitakraft pure Chicken XXL Hühnchenfilets 250g","Vitakraft","4008239585868","5.99","250g (1 kg = 23,96 €)","Tierbedarf","False","https://img.rewe-static.de/8869984/37779496_digital-image.png"
"Purina One Bifensis Sterilcat Rind 750g","Purina One","8445290062307","3.95","750g (1 kg = 5,27 €)","Tierbedarf","False","https://img.rewe-static.de/8850632/37356493_digital-image.png"
"Gourmet Perle Erlesene Streifen mit Kalb & Gemüse 85g","Purina Gourmet","7613033058103","0.65","85g (1 kg = 7,65 €)","Tierbedarf","False","https://img.rewe-static.de/1131935/22865176_digital-image.png"
"ZooRoyal Mini Würfel Huhn & Katzenminze 50g","ZooRoyal","4337256548663","1.29","50g","Tierbedarf","False","https://img.rewe-static.de/7676260/38055668_digital-image.png"
"Beneful Original Rind & Gemüse 1,4kg","Beneful","7613287844446","4.79","1,40kg (1 kg = 3,42 €)","Tierbedarf","False","https://img.rewe-static.de/8721757/35463886_digital-image.png"
"Purina Felix Soup vom Land 6x48g","Felix","7613036631952","2.25","6x48g (1 kg = 7,81 €)","Tierbedarf","False","https://img.rewe-static.de/8094458/31306457_digital-image.png"
"Purina Felix Knabbermix Original 60g","Felix","7613033743771","1.09","60g (1 kg = 18,17 €)","Tierbedarf","False","https://img.rewe-static.de/1281339/16376230_digital-image.png"
"Cesar Junior mit Truthahn und Kalb 150g","Cesar","4008429121609","0.89","150g (1 kg = 5,93 €)","Tierbedarf","False","https://img.rewe-static.de/8316733/31501630_digital-image.png"
"Whiskas Portionsbeutel Multipack 1+ Klassische Auswahl in Sauce 12x85g","Whiskas","4008429156021","4.79","12x85g (1 kg = 4,70 €)","Tierbedarf","False","https://img.rewe-static.de/7714489/42278796_digital-image.png"
"Gourmet Perle Erlesene Streifen mit Truthahn 85g","Purina Gourmet","5000161030422","0.65","85g (1 kg = 7,65 €)","Tierbedarf","False","https://img.rewe-static.de/5924626/21916784_digital-image.png"
"Whiskas Karton Trocken 1+ mit Thunfisch 800g","Whiskas","5900951296512","2.99","800g (1 kg = 3,74 €)","Tierbedarf","False","https://img.rewe-static.de/3234305/34796735_digital-image.png"
"Pedigree Biscrok Karton Multi Mix 500g","Pedigree","4008429001451","1.99","500g (1 kg = 3,98 €)","Tierbedarf","False","https://img.rewe-static.de/4713249/2422790_digital-image.png"
"Cesar Natural Goodness Bio Terrine Huhn 100g","Cesar","4008429164705","0.89","100g (1 kg = 8,90 €)","Tierbedarf","False","https://img.rewe-static.de/7603026/42440129_digital-image.png"
"ZooRoyal Katze Ultra-Streu 6l","ZooRoyal","4388860711813","3.95","6l (1 l = 0,66 €)","Tierbedarf","False","https://img.rewe-static.de/2984012/26545097_digital-image.png"
"ZooRoyal mit Hühnerherzen 400g","ZooRoyal","4337256410472","1.49","400g (1 kg = 3,73 €)","Tierbedarf","False","https://img.rewe-static.de/3279214/26938452_digital-image.png"
"ZooRoyal mit Rinderherzen 400g","ZooRoyal","4337256404662","1.49","400g (1 kg = 3,73 €)","Tierbedarf","False","https://img.rewe-static.de/3279221/26937251_digital-image.png"
"ZooRoyal Nagersticks mit Gemüse 112g","ZooRoyal","4337256404112","1.05","112g (1 kg = 9,38 €)","Tierbedarf","False","https://img.rewe-static.de/7984915/32517393_digital-image.png"
"Vitakraft Natura Zwergkaninchenfutter 1kg","Vitakraft","4008239245199","1.99","1kg","Tierbedarf","False","https://img.rewe-static.de/5603781/16736990_digital-image.png"
"ZooRoyal Katzen Grillies Geflügel-Schinken & Käse 8x5g","ZooRoyal","4337256549028","1.29","8x5g","Tierbedarf","False","https://img.rewe-static.de/8863069/40024319_digital-image.png"
"Whiskas Katzenmilch 200ml","Whiskas","4008429011856","0.99","200ml (1 l = 4,95 €)","Tierbedarf","False","https://img.rewe-static.de/0396974/2125240_digital-image.png"
"ZooRoyal Bio Pastete Huhn & Pute 100g","ZooRoyal","4337256339926","0.59","100g (1 kg = 5,90 €)","Tierbedarf","False","https://img.rewe-static.de/8658026/36642546_digital-image.png"
"Purina Felix Kaninchen in Gelee 85g","Felix","7613036894821","0.59","85g (1 kg = 6,94 €)","Tierbedarf","False","https://img.rewe-static.de/8322987/31502344_digital-image.png"
"Purina Felix Doppelt Lecker Geschmacksvielfalt vom Land 12x85g","Felix","7613036894609","4.79","12x85g (1 kg = 4,70 €)","Tierbedarf","False","https://img.rewe-static.de/8068403/29881510_digital-image.png"
"ZooRoyal Katzen-Grillies mit Rind 8x5g","ZooRoyal","4388860186505","1.29","8x5g (1 kg = 32,25 €)","Tierbedarf","False","https://img.rewe-static.de/2983984/26545091_digital-image.png"
"Purina Adventuros Sticks 120g","Purina","7613034994769","1.29","120g (1 kg = 10,75 €)","Tierbedarf","False","https://img.rewe-static.de/2325556/23932893_digital-image.png"
"Vitakraft Poesie Pute in Käsesauce 85g","Vitakraft","4008239313201","0.69","85g (1 kg = 8,12 €)","Tierbedarf","False","https://img.rewe-static.de/2751452/24817125_digital-image.png"
"Vitakraft Pure Rabbit Kaninchenfleischstreifen 80g","Vitakraft","4008239585998","2.29","80g (1 kg = 28,63 €)","Tierbedarf","False","https://img.rewe-static.de/8871245/38024642_digital-image.png"
"Cesar Schale Landragout mit Kalb und Truthahn 150g","Cesar","4008429048289","0.89","150g (1 kg = 5,93 €)","Tierbedarf","False","https://img.rewe-static.de/1153583/23722246_digital-image.png"
"Vitakraft Treaties Bits Leberwurst 120g","Vitakraft","4008239288073","2.29","120g (1 kg = 19,08 €)","Tierbedarf","False","https://img.rewe-static.de/2243493/23440457_digital-image.png"
"Vitakraft Beef Stick Rustico 55g","Vitakraft","4008239343222","1.29","55g (1 kg = 23,45 €)","Tierbedarf","False","https://img.rewe-static.de/3282072/27015060_digital-image.png"
"Sheba Schale Sauce Spéciale mit Putenhäppchen in heller Sauce 85g","Sheba","4008429164361","0.44","85g (1 kg = 5,18 €)","Tierbedarf","True","https://img.rewe-static.de/2309172/43659153_digital-image.png"
"ZooRoyal Saftige Würstchen Geflügel 60g","ZooRoyal","4337256182959","0.99","60g (1 kg = 16,50 €)","Tierbedarf","False","https://img.rewe-static.de/8525281/32795959_digital-image.png"
"Purina Gourmet Perle Erlesene Streifen mit Huhn 85g","Purina Gourmet","4000487225923","0.65","85g (1 kg = 7,65 €)","Tierbedarf","False","https://img.rewe-static.de/0131466/850510_digital-image.png"
"Catsan Hygiene plus 9l","Catsan","4008429130359","6.99","9l (1 l = 0,78 €)","Tierbedarf","False","https://img.rewe-static.de/8009189/31263213_digital-image.png"
"ZooRoyal Vital-Menü Adult Katze 750g","ZooRoyal","4337256695541","1.89","750g (1 kg = 2,52 €)","Tierbedarf","False","https://img.rewe-static.de/3027448/26545237_digital-image.png"
"Purina Gourmet Gold Feine Pastete mit Huhn 85g","Purina Gourmet","7613032977085","0.65","85g (1 kg = 7,65 €)","Tierbedarf","False","https://img.rewe-static.de/1019887/17510370_digital-image.png"
"Purina Gourmet Perle Erlesene Streifen mit Lachs 85g","Purina Gourmet","4000487225947","0.65","85g (1 kg = 7,65 €)","Tierbedarf","False","https://img.rewe-static.de/0131695/850500_digital-image.png"
"Elles Sonnenblumenkerne 1kg","Elles","4251871670915","2.59","1kg","Tierbedarf","False","https://img.rewe-static.de/7868091/34478827_digital-image.png"
"Gourmet Gold Feine Pastete mit Truthahn 85g","Purina Gourmet","40053974","0.65","85g (1 kg = 7,65 €)","Tierbedarf","False","https://img.rewe-static.de/6855130/3681640_digital-image.png"
"Sheba Schale Selection in Sauce mit Geflügelhäppchen 85g","Sheba","4008429070013","0.44","85g (1 kg = 5,18 €)","Tierbedarf","True","https://img.rewe-static.de/2309186/23714546_digital-image.png"
"Purina Gourmet Gold Zarte Häppchen in Sauce mit Lachs & Huhn 85g","Purina Gourmet","40056500","0.65","85g (1 kg = 7,65 €)","Tierbedarf","False","https://img.rewe-static.de/0483397/1558810_digital-image.png"
"Purina Gourmet Gold Feine Komposition mit Ente & Truthahn 85g","Purina Gourmet","3222270493871","0.65","85g (1 kg = 7,65 €)","Tierbedarf","False","https://img.rewe-static.de/0085461/12276990_digital-image.png"
"Purina Gourmet Gold Rind & Huhn in Sauce 85g","Purina Gourmet","7613032335816","0.65","85g (1 kg = 7,65 €)","Tierbedarf","False","https://img.rewe-static.de/0594713/22728885_digital-image.png"
"Purina Gourmet Gold Raffiniertes Ragout mit Huhn 85g","Purina Gourmet","7613035439696","0.65","85g (1 kg = 7,65 €)","Tierbedarf","False","https://img.rewe-static.de/2798537/25869708_digital-image.png"
"Whiskas Karton Trocken 1+ mit Huhn 800g","Whiskas","5900951296499","2.99","800g (1 kg = 3,74 €)","Tierbedarf","False","https://img.rewe-static.de/3167416/26041980_digital-image.png"
"Perfect Fit Katze Beutel Natural Vitality Adult mit Huhn und Truthahn 650g","Perfect Fit","4008429136030","3.99","650g (1 kg = 6,14 €)","Tierbedarf","False","https://img.rewe-static.de/8492564/36783695_digital-image.png"
"ZooRoyal Junior Geflügel 100g","ZooRoyal","4337256546669","0.45","100g (1 kg = 4,50 €)","Tierbedarf","False","https://img.rewe-static.de/8249534/29088635_digital-image.png"
"Purina Gourmet Gold Feine Komposition mit Rind & Huhn 85g","Purina Gourmet","3222270493864","0.65","85g (1 kg = 7,65 €)","Tierbedarf","False","https://img.rewe-static.de/0085466/12649060_digital-image.png"
"ZooRoyal Knusperkissen Huhn & Käse 100g","ZooRoyal","4337256788281","0.7","100g (1 kg = 7 €)","Tierbedarf","False","https://img.rewe-static.de/9055219/43215136_digital-image.png"
"Whiskas Portionsbeutel Multipack 7+ Gemischte Auswahl in Sauce 12x85g","Whiskas","4008429156205","4.79","12x85g (1 kg = 4,70 €)","Tierbedarf","False","https://img.rewe-static.de/8959990/38317608_digital-image.png"
"ZooRoyal Knusperkissen Lachs 100g","ZooRoyal","4337256785860","0.7","100g (1 kg = 7 €)","Tierbedarf","False","https://img.rewe-static.de/7605236/43214972_digital-image.png"
"ZooRoyal Junior Pastete Rind 100g","ZooRoyal","4337256514873","0.45","100g (1 kg = 4,50 €)","Tierbedarf","False","https://img.rewe-static.de/8834724/37754148_digital-image.png"
"Gourmet Perle Duetto di Carne mit Huhn & Rind 85g","Purina Gourmet","7613033578137","0.65","85g (1 kg = 7,65 €)","Tierbedarf","False","https://img.rewe-static.de/1488557/22865339_digital-image.png"
"Gourmet Perle Erlesene Streifen mit Lachs & Seelachs 85g","Purina Gourmet","7613033578939","0.65","85g (1 kg = 7,65 €)","Tierbedarf","False","https://img.rewe-static.de/1301002/22865168_digital-image.png"
"Gourmet Perle Kalb & Ente 85g","Purina Gourmet","7613033579158","0.65","85g (1 kg = 7,65 €)","Tierbedarf","False","https://img.rewe-static.de/1488558/24024588_digital-image.png"
"Purina Gourmet Gold Feine Streifen Huhn 85g","Purina Gourmet","8445290502438","0.65","85g (1 kg = 7,65 €)","Tierbedarf","False","https://img.rewe-static.de/8898671/42894490_digital-image.png"
"Purina Gourmet Gold Feine Pastete mit Rind 85g","Purina Gourmet","40056494","0.65","85g (1 kg = 7,65 €)","Tierbedarf","False","https://img.rewe-static.de/7815972/6196700_digital-image.png"
"Elles Winterstreufutter 2,5kg","Elles","4251871668264","3.49","2,50kg (1 kg = 1,40 €)","Tierbedarf","False","https://img.rewe-static.de/7866693/34272290_digital-image.png"
"Purina Gourmet Gold Raffiniertes Ragout Lachs 85g","Purina","7613035439856","0.65","85g (1 kg = 7,65 €)","Tierbedarf","False","https://img.rewe-static.de/2747484/25500059_digital-image.png"
"Purina Gourmet Gold Zarte Häppchen in Sauce mit Huhn & Leber 85g","Purina Gourmet","7613032881573","0.65","85g (1 kg = 7,65 €)","Tierbedarf","False","https://img.rewe-static.de/1019888/21204332_digital-image.png"
"Pedigree Gemischte Selektion in Sauce 12x100g","Pedigree","3065890149328","4.99","12x100g (1 kg = 4,16 €)","Tierbedarf","False","https://img.rewe-static.de/3141046/26137975_digital-image.png"
"ZooRoyal Dental Sponge 5 Stück","ZooRoyal","4337256544320","0.99","5x23g","Tierbedarf","False","https://img.rewe-static.de/8937440/37912200_digital-image.png"
"Gourmet Gold raffiniert Ragout Rind 85g","Purina","7613035439665","0.65","85g (1 kg = 7,65 €)","Tierbedarf","False","https://img.rewe-static.de/2747485/27257868_digital-image.png"
"Vitakraft Poesie Huhn und Gemüse 85g","Vitakraft","4008239313188","0.69","85g (1 kg = 8,12 €)","Tierbedarf","False","https://img.rewe-static.de/2751447/24817122_digital-image.png"
"Purina Felix Meaty Sensations Huhn 1kg","Felix","7613032727826","3.59","1kg","Tierbedarf","False","https://img.rewe-static.de/0947087/20733000_digital-image.png"
"ZooRoyal Knusper Kissen Huhn 70g","ZooRoyal","4337256008488","0.79","70g (1 kg = 11,29 €)","Tierbedarf","False","https://img.rewe-static.de/8012308/31100441_digital-image.png"
"ZooRoyal Zarte Häppchen mit Truthahn veredelt mit Leberwurst 40g","ZooRoyal","4337256360944","0.99","40g (1 kg = 24,75 €)","Tierbedarf","False","https://img.rewe-static.de/8155652/28664536_digital-image.png"
"Frolic Unterwegs mit Geflügel 180g","Frolic","5998749146248","1.29","180g (1 kg = 7,17 €)","Tierbedarf","False","https://img.rewe-static.de/9083755/43088606_digital-image.png"
"ZooRoyal Charlys Naturkost Trainingssnacks Rind 100g","ZooRoyal","4337256392273","1.49","100g (1 kg = 14,90 €)","Tierbedarf","False","https://img.rewe-static.de/8342875/35914342_digital-image.png"
"ZooRoyal Mini Würfel mit Huhn, Karotte & Spinat 70g","ZooRoyal","4337256393485","1.49","70g (1 kg = 21,29 €)","Tierbedarf","False","https://img.rewe-static.de/7830217/36027205_digital-image.png"
"ZooRoyal Knusperkissen Huhn & Katzenminze 100g","ZooRoyal","4337256791410","0.7","100g","Tierbedarf","False","https://img.rewe-static.de/9054651/43214444_digital-image.png"
"ZooRoyal Knusper Kissen mit Lachs, Forelle & Grünlippmuschel 70g","ZooRoyal","4337256698016","0.79","70g (1 kg = 11,29 €)","Tierbedarf","False","https://img.rewe-static.de/8989276/41065430_digital-image.png"
"ZooRoyal saftige Ringe Rind 1,5kg","ZooRoyal","4337256159401","2.79","1,50kg (1 kg = 1,86 €)","Tierbedarf","False","https://img.rewe-static.de/7211234/28190662_digital-image.png"
"Purina Felix Sensations Gelee Geschmack aus dem Wasser 12x85g","Felix","7613036893299","4.79","12x85g (1 kg = 4,70 €)","Tierbedarf","False","https://img.rewe-static.de/8321948/36592724_digital-image.png"
"Purina Felix So gut wie es aussieht Doppelt lecker Geschmacksvielfalt aus dem Wasser in Gelee 12x85g","Felix","7613036894005","4.79","12x85g (1 kg = 4,70 €)","Tierbedarf","False","https://img.rewe-static.de/8325104/29881878_digital-image.png"
"Purina Felix Play Tubes Huhn & Leber 8x50g","Felix","7613038169408","1.09","50g (1 kg = 21,80 €)","Tierbedarf","False","https://img.rewe-static.de/7927492/32629102_digital-image.png"
"Purina Felix Senior mit Huhn 85g","Felix","7613036893701","0.59","85g (1 kg = 6,94 €)","Tierbedarf","False","https://img.rewe-static.de/8068292/40321725_digital-image.png"
"ZooRoyal Katzen Milch Snack 8x15g, 120g","ZooRoyal","4337256390545","1.99","8x15g (1 kg = 16,58 €)","Tierbedarf","False","https://img.rewe-static.de/7173489/27717494_digital-image.png"
"ZooRoyal Katzen-Schleckies 8x15g","ZooRoyal","4337256581981","1.29","8x15g (1 kg = 10,75 €)","Tierbedarf","False","https://img.rewe-static.de/2983980/26545088_digital-image.png"
"ZooRoyal Crunchy Mix Huhn 800g","ZooRoyal","4337256571128","2.29","800g","Tierbedarf","False","https://img.rewe-static.de/8884275/38937856_digital-image.png"
"ZooRoyal Delikate Stückchen mit Hühnchen in Karottengelee 400g","ZooRoyal","4337256387941","0.99","400g (1 kg = 2,48 €)","Tierbedarf","False","https://img.rewe-static.de/3099153/26545019_digital-image.png"
"Purina One Katzenfutter Adult Lachs 750g","Purina One","8445290062277","3.95","750g (1 kg = 5,27 €)","Tierbedarf","False","https://img.rewe-static.de/8846224/37167559_digital-image.png"
"ZooRoyal Katzen-Grillies mit Lachs 8x5g","ZooRoyal","4337256234818","1.29","8x5g (1 kg = 32,25 €)","Tierbedarf","False","https://img.rewe-static.de/2983983/26545090_digital-image.png"
"Purina One Katzenfutter Adult Huhn 750g","Purina One","8445290062239","3.95","750g (1 kg = 5,27 €)","Tierbedarf","False","https://img.rewe-static.de/7735721/37167657_digital-image.png"
"ZooRoyal Delikate Stückchen mit Geflügel und Leber in Wildgelee 400g","ZooRoyal","4337256324830","0.99","400g (1 kg = 2,48 €)","Tierbedarf","False","https://img.rewe-static.de/3099149/26544876_digital-image.png"
"ZooRoyal Deli Stück MSC Seelachs 400g","ZooRoyal","4337256331425","0.99","400g (1 kg = 2,48 €)","Tierbedarf","False","https://img.rewe-static.de/8001752/31569154_digital-image.png"
"ZooRoyal Genießer Leberwurst 75g","ZooRoyal","4337256470308","1.89","75g (1 kg = 25,20 €)","Tierbedarf","False","https://img.rewe-static.de/8251492/29257531_digital-image.png"
"Dreamies Katzensnack mit Käse 60g","Dreamies","4008429037986","1.45","60g (1 kg = 24,17 €)","Tierbedarf","False","https://img.rewe-static.de/0327449/7449160_digital-image.png"
"Sheba Portionsbeutel Multipack Fresh & Fine in Sauce mit Lachs und Thunfisch 6x50g","Sheba","4770608259860","2.49","6x50g (1 kg = 8,30 €)","Tierbedarf","False","https://img.rewe-static.de/7950824/32476808_digital-image.png"
"Dreamies Katzensnack mit Huhn 60g","Dreamies","4008429037894","1.45","60g (1 kg = 24,17 €)","Tierbedarf","False","https://img.rewe-static.de/0327447/1013270_digital-image.png"
"ZooRoyal Katzen-Grillies mit Ente 8x5g","ZooRoyal","4388860184785","1.29","8x5g (1 kg = 32,25 €)","Tierbedarf","False","https://img.rewe-static.de/3028725/26545092_digital-image.png"
"Sheba Schale Selection in Sauce mit Kalbshäppchen 85g","Sheba","4008429164026","0.44","85g (1 kg = 5,18 €)","Tierbedarf","True","https://img.rewe-static.de/2309188/23714379_digital-image.png"
"ZooRoyal Katzen Grillies Leberwurst 8x5g","ZooRoyal","4337256545716","1.29","8x5g","Tierbedarf","False","https://img.rewe-static.de/8861745/40024283_digital-image.png"
"Sheba Schale Sauce Lover mit Thunfisch 85g","Sheba","4008429164408","0.44","85g (1 kg = 5,18 €)","Tierbedarf","True","https://img.rewe-static.de/2376531/26089264_digital-image.png"
"ZooRoyal Lammfleisch getrocknet 70g","ZooRoyal","4337256393454","1.49","70g (1 kg = 21,29 €)","Tierbedarf","False","https://img.rewe-static.de/7829799/36199182_digital-image.png"
"Purina Adventuros Nuggets Wildschweingeschmack 90g","Purina","7613034998064","1.29","90g (1 kg = 14,33 €)","Tierbedarf","False","https://img.rewe-static.de/2325532/23869015_digital-image.png"
"ZooRoyal Happen to go Rind 200g","ZooRoyal","4337256557603","1.09","200g","Tierbedarf","False","https://img.rewe-static.de/7719714/37948165_digital-image.png"
"Frolic Unterwegs mit Geflügel 180g","Frolic","4008429127809","1.29","180g (1 kg = 7,17 €)","Tierbedarf","False","https://img.rewe-static.de/8378728/41941138_digital-image.png"
"Sheba Schale Sauce Lover mit Huhn 85g","Sheba","4008429164439","0.44","85g (1 kg = 5,18 €)","Tierbedarf","True","https://img.rewe-static.de/2376510/24024925_digital-image.png"
"ZooRoyal Mousse Huhn 85g","ZooRoyal","4337256293044","0.45","85g (1 kg = 5,29 €)","Tierbedarf","False","https://img.rewe-static.de/8276866/29368588_digital-image.png"
"ZooRoyal Mousse MSC Lachs 85g","ZooRoyal","4337256294904","0.45","85g (1 kg = 5,29 €)","Tierbedarf","False","https://img.rewe-static.de/8276582/29368985_digital-image.png"
"ZooRoyal Rind & Leber Mousse 85g","ZooRoyal","4337256289528","0.45","85g (1 kg = 5,29 €)","Tierbedarf","False","https://img.rewe-static.de/8277973/29368935_digital-image.png"
"ZooRoyal Mousse Ente 85g","ZooRoyal","4337256503655","0.45","85g (1 kg = 5,29 €)","Tierbedarf","False","https://img.rewe-static.de/8824072/37655986_digital-image.png"
"Whiskas Knuspertaschen Becher mit Pute 60g","Whiskas","5998749122204","1.45","60g (1 kg = 24,17 €)","Tierbedarf","False","https://img.rewe-static.de/1457156/20720471_digital-image.png"
"Sheba Schale Selection in Sauce mit Rind und Truthahn 85g","Sheba","4008429164057","0.44","85g (1 kg = 5,18 €)","Tierbedarf","True","https://img.rewe-static.de/2309182/38670401_digital-image.png"
"Pedigree Denta Stix Daily Oral Care für kleine Hunde 5-10kg 7 Stück","Pedigree","5010394984577","1.69","110g (1 kg = 15,36 €)","Tierbedarf","False","https://img.rewe-static.de/2961997/658860_digital-image.png"
"ZooRoyal Katzenmilch 2x200ml","ZooRoyal","4388860723304","0.99","2x200ml (1 l = 2,48 €)","Tierbedarf","False","https://img.rewe-static.de/2984005/29905260_digital-image.png"
"ZooRoyal Wildpastete auf Aspik 100g","ZooRoyal","4337256045841","0.45","100g (1 kg = 4,50 €)","Tierbedarf","False","https://img.rewe-static.de/2984000/26545026_digital-image.png"
"ZooRoyal Enten-Pastete auf Aspik 100g","ZooRoyal","4337256041034","0.45","100g (1 kg = 4,50 €)","Tierbedarf","False","https://img.rewe-static.de/8112497/29033388_digital-image.png"
"ZooRoyal Grill Menü Sauce Geflügel, Rind, Truthahn, Pute 8x85g","ZooRoyal","4337256670494","3.79","680g (1 kg = 5,57 €)","Tierbedarf","False","https://img.rewe-static.de/7992799/32111762_digital-image.png"
"ZooRoyal Rind + Huhn und Entenherzen 200g","ZooRoyal","4337256382328","0.99","200g (1 kg = 4,95 €)","Tierbedarf","False","https://img.rewe-static.de/8336292/39134522_digital-image.png"
"Purina Felix So gut wie es aussieht Geschmacksvielfalt aus dem Wasser in Gelee 12x85g","Felix","7613036893848","4.79","12x85g (1 kg = 4,70 €)","Tierbedarf","False","https://img.rewe-static.de/8322299/29881430_digital-image.png"
"Purina Felix Tasty Shreds Geschmacksvielfalt aus dem Wasser in einer köstlichen Sauce 10x80g","Felix","7613037379716","4.59","10x80g (1 kg = 5,74 €)","Tierbedarf","False","https://img.rewe-static.de/8384516/30523850_digital-image.png"
"ZooRoyal Crunchy Mix mit Rind 800g","ZooRoyal","4337256570978","2.29","800g (1 kg = 2,86 €)","Tierbedarf","False","https://img.rewe-static.de/7715278/38937806_digital-image.png"
"Purina Felix Knabbermix Strandspaß 60g","Felix","7613033742507","1.09","60g (1 kg = 18,17 €)","Tierbedarf","False","https://img.rewe-static.de/1281338/18885080_digital-image.png"
"Purina Felix Köstliche Scheibchen Geschmacksvielfalt vom Land 10x80g","Felix","7613287745880","4.59","10x80g (1 kg = 5,74 €)","Tierbedarf","False","https://img.rewe-static.de/7711914/38802559_digital-image.png"
"ZooRoyal Soft Mix mit Rind, Lamm & Huhn 60g","ZooRoyal","4337256399128","0.99","60g (1 kg = 16,50 €)","Tierbedarf","False","https://img.rewe-static.de/3205554/26699494_digital-image.png"
"Sheba Schale Filets Huhn mit nachhaltigem Thunfisch 60g","Sheba","4008429134715","1.29","60g (1 kg = 21,50 €)","Tierbedarf","False","https://img.rewe-static.de/8701573/35288432_digital-image.png"
"Sheba Schale Filets Natürliches Huhn 60g","Sheba","4008429134197","1.29","60g (1 kg = 21,50 €)","Tierbedarf","False","https://img.rewe-static.de/7831971/35289051_digital-image.png"
"ZooRoyal Katzenfutter Gourmet Menü Gelee 8x85g","ZooRoyal","4337256675062","3.79","8x85g (1 kg = 5,57 €)","Tierbedarf","False","https://img.rewe-static.de/8443852/31692015_digital-image.png"
"Sheba Schale Classics in Pastete mit Lachs 85g","Sheba","4008429069772","0.44","85g (1 kg = 5,18 €)","Tierbedarf","True","https://img.rewe-static.de/2309136/23399807_digital-image.png"
"Sheba Schale Delikatesse in Gelee mit Huhn 85g","Sheba","4008429070075","0.44","85g (1 kg = 5,18 €)","Tierbedarf","True","https://img.rewe-static.de/2309156/23654624_digital-image.png"
"ZooRoyal Tigrooo Premium Ultra Klumpstreu 6kg","ZooRoyal","4337256124898","6.99","6kg (1 kg = 1,17 €)","Tierbedarf","False","https://img.rewe-static.de/8290919/29351957_digital-image.png"
"Vitakraft Beef-Stick Original mit Pute 12g","Vitakraft","4008239231109","0.49","12g (1 kg = 40,83 €)","Tierbedarf","False","https://img.rewe-static.de/6874002/2679770_digital-image.png"
"Purina Gourmet Revelations Mousse mit Huhn 2x57g","Purina","7613287070067","1.69","2x57g (1 kg = 14,82 €)","Tierbedarf","False","https://img.rewe-static.de/8549663/36085714_digital-image.png"
"ZooRoyal Vital Plus reich an Frischgeflügel 2,5kg","ZooRoyal","4388860267624","4.99","2,50kg (1 kg = 2 €)","Tierbedarf","False","https://img.rewe-static.de/8247118/29441360_digital-image.png"
"Purina One Bifensis Coat & Hairball Huhn 750g","Purina One","8445290067227","3.95","750g (1 kg = 5,27 €)","Tierbedarf","False","https://img.rewe-static.de/8850128/37356494_digital-image.png"
"ZooRoyal Wildvogelfutter 1kg","ZooRoyal","4337256816380","1.99","1kg","Tierbedarf","False","https://img.rewe-static.de/7978207/32426011_digital-image.png"
"ZooRoyal Bio Pastete Rind & Geflügel 150g","ZooRoyal","4337256361781","0.79","150g (1 kg = 5,27 €)","Tierbedarf","False","https://img.rewe-static.de/7850422/36027244_digital-image.png"
"Vitakraft pure Chicken XXL Kaustangen mit Hühnchen 200g","Vitakraft","4008239585967","5.99","200g (1 kg = 29,95 €)","Tierbedarf","False","https://img.rewe-static.de/8945790/37957997_digital-image.png"
"Sheba Portionsbeutel Multipack Fresh & Fine in Sauce mit Rind und Huhn 6x50g","Sheba","4770608259747","2.49","6x50g (1 kg = 8,30 €)","Tierbedarf","False","https://img.rewe-static.de/8512422/32476813_digital-image.png"
"Purina Felix Tasty Shreds Geschmacksvielfalt vom Land in Sauce 10x80g","Felix","7613037369335","4.59","10x80g (1 kg = 5,74 €)","Tierbedarf","False","https://img.rewe-static.de/8404600/30524116_digital-image.png"
"Dokas Entenbrust in Streifen 250g","Dokas","4251276200540","5.79","250g (1 kg = 23,16 €)","Tierbedarf","False","https://img.rewe-static.de/2801459/27151188_digital-image.png"
"Vitakraft Sittich Perle Jod-Vital 500g","Vitakraft","4008239214409","1.99","500g (1 kg = 3,98 €)","Tierbedarf","False","https://img.rewe-static.de/1250787/3393210_digital-image.png"
"ZooRoyal Rind Plus Multifleisch-Cocktail 400g","ZooRoyal","4337256380614","1.59","400g (1 kg = 3,98 €)","Tierbedarf","False","https://img.rewe-static.de/8335399/31552849_digital-image.png"
"Frolic Trockenfutter mit Rind 1,5kg","Frolic","5900951315923","4.79","1,50kg (1 kg = 3,19 €)","Tierbedarf","False","https://img.rewe-static.de/9083462/43632448_digital-image.png"
"ZooRoyal Katzen Schleckies mit Geflügel, Schinken & Huhn 8x15g","ZooRoyal","4337256553971","1.39","8x15g","Tierbedarf","False","https://img.rewe-static.de/7719942/40624762_digital-image.png"
"ZooRoyal Rind Plus Pur 400g","ZooRoyal","4337256382717","1.59","400g (1 kg = 3,98 €)","Tierbedarf","False","https://img.rewe-static.de/8335496/31552979_digital-image.png"
"Purina Felix Soup Original 6 x 48g","Purina","7613036631976","2.25","6x48g (1 kg = 7,81 €)","Tierbedarf","False","https://img.rewe-static.de/8279259/32549116_digital-image.png"
"Pedigree Denta Stix Daily Oral Care für mittelgroße Hunde 10-25kg 28 Stück","Pedigree","5998749105214","6.99","720g (1 kg = 9,71 €)","Tierbedarf","False","https://img.rewe-static.de/2634724/20587903_digital-image.png"
"Frolic Unterwegs mit Rind 180g","Frolic","5998749146255","1.29","180g (1 kg = 7,17 €)","Tierbedarf","False","https://img.rewe-static.de/7588651/43088599_digital-image.png"
"ZooRoyal Twin Kauknoten mit Huhn 84g","ZooRoyal","4337256333504","1.99","84g (1 kg = 23,69 €)","Tierbedarf","False","https://img.rewe-static.de/8760630/36027316_digital-image.png"
"Vitakraft Beef-Stick Original mit Wild 12g","Vitakraft","4008239230294","0.49","12g (1 kg = 40,83 €)","Tierbedarf","False","https://img.rewe-static.de/5434181/13684070_digital-image.png"
"ZooRoyal Hundekotbeutel 4x20 Stück","ZooRoyal","4337256094238","2.49","4x20 Stück","Tierbedarf","False","https://img.rewe-static.de/8465047/43088916_digital-image.png"
"ZooRoyal Huhn Pur 85g","ZooRoyal","4388860488890","0.45","85g (1 kg = 5,29 €)","Tierbedarf","False","https://img.rewe-static.de/8409824/31139973_digital-image.png"
"Vitakraft Menü Vital Zwergkaninchen 1kg","Vitakraft","4008239255808","3.19","1kg","Tierbedarf","False","https://img.rewe-static.de/3708632/6915530_digital-image.png"
"ZooRoyal Sittich Sticks mit Honig 60g","ZooRoyal","4337256090551","0.75","60g (1 kg = 12,50 €)","Tierbedarf","False","https://img.rewe-static.de/7985453/32517446_digital-image.png"
"Vitakraft Beef-Stick Herz 1 Stück","Vitakraft","4008239231451","0.49","12g (1 kg = 40,83 €)","Tierbedarf","False","https://img.rewe-static.de/0087637/25923619_digital-image.png"
"ZooRoyal Mousse mit Geflügelherzen 85g","ZooRoyal","4337256552684","0.45","85g (1 kg = 5,29 €)","Tierbedarf","False","https://img.rewe-static.de/8874028/38300557_digital-image.png"
"ZooRoyal Kitten Rind Plus Kalb und Huhn 200g","ZooRoyal","4337256378062","0.99","200g (1 kg = 4,95 €)","Tierbedarf","False","https://img.rewe-static.de/8060395/37832995_digital-image.png"
"ZooRoyal Rind Pur 200g","ZooRoyal","4337256379953","0.99","200g (1 kg = 4,95 €)","Tierbedarf","False","https://img.rewe-static.de/8354490/39134172_digital-image.png"
"ZooRoyal Rindfleisch getrocknet 70g","ZooRoyal","4337256396332","1.49","70g (1 kg = 21,29 €)","Tierbedarf","False","https://img.rewe-static.de/7831135/36027219_digital-image.png"
"ZooRoyal Mousse Lamm & Huhn 85g","ZooRoyal","4337256558334","0.45","85g (1 kg = 5,29 €)","Tierbedarf","False","https://img.rewe-static.de/8870219/38300597_digital-image.png"
"Peka Nagerglück 1kg","Peka","8712014300954","3.19","1000g","Tierbedarf","False","https://img.rewe-static.de/9944150/3653890_digital-image.png"
"Purina Felix Köstliche Scheibchen Geschmacksvielfalt aus dem Wasser 10x80g","Felix","7613287749802","4.59","10x80g (1 kg = 5,74 €)","Tierbedarf","False","https://img.rewe-static.de/7712118/38802561_digital-image.png"
"Vitakraft Kauknochen 14cm 1 Stück","Vitakraft","4008239582775","1.99","60g (1 kg = 33,17 €)","Tierbedarf","False","https://img.rewe-static.de/8104174/23522142_digital-image.png"
"Moon Ranger Wildlachs Würfel 70g","ZooRoyal","4337256333894","1.99","70g (1 kg = 28,43 €)","Tierbedarf","False","https://img.rewe-static.de/8342382/30039176_digital-image.png"
"ZooRoyal Feine Pâté mit Pute 85g","ZooRoyal","4388860185546","0.45","85g (1 kg = 5,29 €)","Tierbedarf","False","https://img.rewe-static.de/3099175/26545232_digital-image.png"
"ZooRoyal Knusperfisch-Mix Lachs, Forelle & Seelachs 70g","ZooRoyal","4337256547116","0.49","70g","Tierbedarf","False","https://img.rewe-static.de/7685810/37912127_digital-image.png"
"Cesar Schale Senior mit Huhn und Reis 150g","Cesar","4008429006296","0.89","150g (1 kg = 5,93 €)","Tierbedarf","False","https://img.rewe-static.de/7967730/26764060_digital-image.png"
"ZooRoyal Mini-Burger 100g","ZooRoyal","4337256181945","1.99","100g (1 kg = 19,90 €)","Tierbedarf","False","https://img.rewe-static.de/7942128/32534786_digital-image.png"
"Vitakraft Beef-Stick Original mit Pansen 12g","Vitakraft","4008239231468","0.49","12g (1 kg = 40,83 €)","Tierbedarf","False","https://img.rewe-static.de/0087670/23333124_digital-image.png"
"ZooRoyal Mini Würfel Ente & Katzenminze 50g","ZooRoyal","4337256549745","1.29","50g","Tierbedarf","False","https://img.rewe-static.de/7724923/38055728_digital-image.png"
"ZooRoyal Plüschhund mit Quietscher 24cm x 24cm x 9,5cm","ZooRoyal","4388860444551","4.99","1 Stück","Tierbedarf","False","https://img.rewe-static.de/8400390/40286263_digital-image.png"
"ZooRoyal Charlys Naturkost Trainingssnacks Lamm 100g","ZooRoyal","4337256390835","1.49","100g (1 kg = 14,90 €)","Tierbedarf","False","https://img.rewe-static.de/8344276/35914628_digital-image.png"
"ZooRoyal Vital Plus mit Huhn 800g","ZooRoyal","4337256762335","2.99","800g (1 kg = 3,74 €)","Tierbedarf","False","https://img.rewe-static.de/8556196/33580385_digital-image.png"
"8in1 Delights Kauknochen trocken 1 Stück","8in1","4048422102472","4.99","85g (1 kg = 58,71 €)","Tierbedarf","False","https://img.rewe-static.de/0456669/23441447_digital-image.png"
"Purina Gourmet Gold Kalb & Gemüse 85g","Purina Gourmet","42074236","0.65","85g (1 kg = 7,65 €)","Tierbedarf","False","https://img.rewe-static.de/5787165/23926257_digital-image.png"
"Cesar Schale Klassik-Terrine mit Kalb und Geflügel 150g","Cesar","4008429012617","0.89","150g (1 kg = 5,93 €)","Tierbedarf","False","https://img.rewe-static.de/4787870/33031117_digital-image.png"
"Sheba Schale Filets Huhn mit Garnelen 60g","Sheba","4008429134685","1.29","60g (1 kg = 21,50 €)","Tierbedarf","False","https://img.rewe-static.de/7830372/36920986_digital-image.png"
"ZooRoyal Aufziehmaus","ZooRoyal","4388860725094","2.99","1 Stück","Tierbedarf","False","https://img.rewe-static.de/8358535/43302047_digital-image.png"
"ZooRoyal Pastete Seelachs 150g","ZooRoyal","4337256654937","0.5","150g","Tierbedarf","False","https://img.rewe-static.de/8876325/38938762_digital-image.png"
"ZooRoyal Feine Pâté mit Kalb 85g","ZooRoyal","4337256551335","0.45","85g (1 kg = 5,29 €)","Tierbedarf","False","https://img.rewe-static.de/3099176/26545235_digital-image.png"
"Vitakraft Beef Stick School Rind 10 Stück","Vitakraft","4008239234155","1.29","20g (1 kg = 64,50 €)","Tierbedarf","False","https://img.rewe-static.de/7016913/23506785_digital-image.png"
"ZooRoyal Feine Pate mit Wild 85g","ZooRoyal","4337256402866","0.45","85g","Tierbedarf","False","https://img.rewe-static.de/7822175/36027112_digital-image.png"
"ZooRoyal Charlys Naturkost Trainigssnacks Huhn 100g","ZooRoyal","4251499927996","1.49","100g (1 kg = 14,90 €)","Tierbedarf","False","https://img.rewe-static.de/8024230/35914275_digital-image.png"
"ZooRoyal Genuss Pastete Ente & Pute 85g","ZooRoyal","4337256624459","0.45","85g","Tierbedarf","False","https://img.rewe-static.de/8922304/40024540_digital-image.png"
"Zooroyal Rind & Pute 400g","ZooRoyal","4337256377522","1.55","400g (1 kg = 3,88 €)","Tierbedarf","False","https://img.rewe-static.de/8371551/35426696_digital-image.png"
"Frolic mit Frischem Geflügel 1,5kg","Frolic","5900951315299","4.79","1,50kg (1 kg = 3,19 €)","Tierbedarf","False","https://img.rewe-static.de/9079236/43000183_digital-image.png"
"ZooRoyal Genuss Pastete Forelle 85g","ZooRoyal","4337256623742","0.45","85g","Tierbedarf","False","https://img.rewe-static.de/7684944/40024457_digital-image.png"
"Pedigree Denta Stix Daily Oral Care für große Hunde 42 Stück","Pedigree","5998749142127","12.99","1,62g (1 kg = 8,02 €)","Tierbedarf","False","https://img.rewe-static.de/8612899/34779323_digital-image.png"
"Vitakraft Beef Stick Menü Gemüse 1 Stück","Vitakraft","4008239231475","0.49","12g (1 kg = 40,83 €)","Tierbedarf","False","https://img.rewe-static.de/0087610/2500110_digital-image.png"
"ZooRoyal Rind Plus Multifleisch-Cocktail 400g","ZooRoyal","4337256379809","1.55","400g (1 kg = 3,88 €)","Tierbedarf","False","https://img.rewe-static.de/8038952/31552834_digital-image.png"
"Vitakraft Beef Stick School Geflügel 10 Stück","Vitakraft","4008239234162","1.29","20g (1 kg = 64,50 €)","Tierbedarf","False","https://img.rewe-static.de/7016395/23506782_digital-image.png"
"ZooRoyal Hundesnack Kauknoten 7 Stück","ZooRoyal","4388860186482","2.99","84g (1 kg = 35,60 €)","Tierbedarf","False","https://img.rewe-static.de/3265514/26699550_digital-image.png"
"Purina Felix Huhn und Tomate in Gelee 85g","Felix","7613036894722","0.59","85g (1 kg = 6,94 €)","Tierbedarf","False","https://img.rewe-static.de/8322188/31502343_digital-image.png"
"ZooRoyal Kauknochen Rind+ Ente 5cm 120g","ZooRoyal","4337256395434","1.99","120g (1 kg = 16,58 €)","Tierbedarf","False","https://img.rewe-static.de/7831525/35914231_digital-image.png"
"ZooRoyal Gourmet Leckerbissen Rindfleisch 85g","ZooRoyal","4388860236644","0.59","85g (1 kg = 6,94 €)","Tierbedarf","False","https://img.rewe-static.de/8134016/29318790_digital-image.png"
"ZooRoyal Gourmet Leckerbissen Herzen in feiner Sauce 85g","ZooRoyal","4337256552585","0.59","85g","Tierbedarf","False","https://img.rewe-static.de/7724783/38817753_digital-image.png"
"Crave Pastete Huhn & Truthan 150g","Crave","3065890149168","1.19","150g","Tierbedarf","False","https://img.rewe-static.de/7908145/34788594_digital-image.png"
"ZooRoyal Sittichfutter 500g","ZooRoyal","4337256092074","0.99","500g (1 kg = 1,98 €)","Tierbedarf","False","https://img.rewe-static.de/7984463/32517585_digital-image.png"
"ZooRoyal Vital Menü mit MSC Fisch 750g","ZooRoyal","4337256565981","1.89","750g (1 kg = 2,52 €)","Tierbedarf","False","https://img.rewe-static.de/8879772/38747016_digital-image.png"
"Purina Felix Sensations Gelee Huhn & Karotte 85g","Felix","7613036893671","0.59","85g (1 kg = 6,94 €)","Tierbedarf","False","https://img.rewe-static.de/8069636/29881015_digital-image.png"
"ZooRoyal mit Wildschwein 400g","ZooRoyal","4337256373661","1.49","400g (1 kg = 3,73 €)","Tierbedarf","False","https://img.rewe-static.de/8337522/43400228_digital-image.png"
"Vitakraft Beef-Stick Mineral","Vitakraft","4008239231482","0.49","12g (1 kg = 40,83 €)","Tierbedarf","False","https://img.rewe-static.de/1465953/24024943_digital-image.png"
"Vitakraft Life Power Zwergkaninchen 600g","Vitakraft","4008239251190","2.99","600g (1 kg = 4,98 €)","Tierbedarf","False","https://img.rewe-static.de/5597412/809240_digital-image.png"
"Purina One Bifensis Junior mit Huhn 750g","Purina One","8445290024060","3.95","750g (1 kg = 5,27 €)","Tierbedarf","False","https://img.rewe-static.de/8920820/39363884_digital-image.png"
"Vitakraft Boony Bits M 120g","Vitakraft","4008239591234","2.29","120g (1 kg = 19,08 €)","Tierbedarf","False","https://img.rewe-static.de/7907881/37040676_digital-image.png"
"Vitakraft Poesie Petit Classic Choise 12x85g","Vitakraft","4008239589781","4.79","12x85g (1 kg = 4,70 €)","Tierbedarf","False","https://img.rewe-static.de/8581611/36778737_digital-image.png"
"ZooRoyal Hühnerbrustfilets mit Leber 220g","ZooRoyal","4337256392723","2.99","220g (1 kg = 13,59 €)","Tierbedarf","False","https://img.rewe-static.de/8699748/36027282_digital-image.png"
"Frolic Rodeo Twistos mit Geflügel 6 Stück","Frolic","5998749120538","1.29","105 Stück","Tierbedarf","False","https://img.rewe-static.de/1297801/19972130_digital-image.png"
"Vitakraft Kräcker Trio Mix Gemüse/Nuss/Waldbeere 3 Stück","Vitakraft","4008239252272","2.29","168g (1 kg = 13,63 €)","Tierbedarf","False","https://img.rewe-static.de/4295323/7445290_digital-image.png"
"ZooRoyal Beißring 10,5cm","ZooRoyal","4388860723557","3.49","1 Stück","Tierbedarf","False","https://img.rewe-static.de/8047136/31499332_digital-image.png"
"ZooRoyal Mini Knochen Reich an Geflügel 100g","ZooRoyal","4337256470056","1.29","100g","Tierbedarf","False","https://img.rewe-static.de/7786371/42377630_digital-image.png"
"ZooRoyal Flexodent 85g","ZooRoyal","4388860432107","0.99","85g (1 kg = 11,65 €)","Tierbedarf","False","https://img.rewe-static.de/2934880/26544423_digital-image.png"
"ZooRoyal Gourmet Leckerbissen Lachs in Sauce 85g","ZooRoyal","4337256550550","0.59","85g","Tierbedarf","False","https://img.rewe-static.de/8869458/38746952_digital-image.png"
"Purina Felix Rind & Geflügel in Gelee 85g","Felix","7613036894906","0.59","85g (1 kg = 6,94 €)","Tierbedarf","False","https://img.rewe-static.de/8339790/31502345_digital-image.png"
"Purina Felix Sensations Gelees Seelachs 85g","Felix","7613036904919","0.59","85g (1 kg = 6,94 €)","Tierbedarf","False","https://img.rewe-static.de/8322737/41325260_digital-image.png"
"Vitakraft Pure Chicken Coins Hünchentaler 80g","Vitakraft","4008239586049","2.29","80g (1 kg = 28,63 €)","Tierbedarf","False","https://img.rewe-static.de/7719634/38024656_digital-image.png"
"ZooRoyal Zahnpflege-Knochen","ZooRoyal","4388860072945","2.99","1 Stück","Tierbedarf","False","https://img.rewe-static.de/7162106/29391380_digital-image.png"
"Vitakraft Pure Duck XXL Calciumknochen mit Entenfleisch 200g","Vitakraft","4008239584083","5.99","200g (1 kg = 29,95 €)","Tierbedarf","False","https://img.rewe-static.de/8911403/41258743_digital-image.png"
"ZooRoyal Lieblingsdrink Hühnerbrustfilet & Karotte 140g","ZooRoyal","4337256388146","0.99","140ml (1 l = 7,07 €)","Tierbedarf","False","https://img.rewe-static.de/8699558/36305646_digital-image.png"
"ZooRoyal Tennisbälle 2 Stück","ZooRoyal","4388860709179","2.99","2 Stück","Tierbedarf","False","https://img.rewe-static.de/8033980/36194363_digital-image.png"
"Purina Adventures Training Lachs 115g","Purina","8445290990419","2.29","115g","Tierbedarf","False","https://img.rewe-static.de/7601677/42712052_digital-image.png"
"ZooRoyal Mäuse mit Rassel","ZooRoyal","4388860724721","3.49","1 Stück","Tierbedarf","False","https://img.rewe-static.de/8046337/40286392_digital-image.png"
"Vitakraft Beef Stick XXL","Vitakraft","4008239234193","1.19","31,80g (1 kg = 37,42 €)","Tierbedarf","False","https://img.rewe-static.de/7011830/23431100_digital-image.png"
"Vitakraft Kräcker Trio Mix Citrus/Gemüse/Honig 3 Stück","Vitakraft","4008239252265","2.29","168g (1 kg = 13,63 €)","Tierbedarf","False","https://img.rewe-static.de/4295358/7445460_digital-image.png"
"ZooRoyal Charlys Kalb & Huhn 800g","ZooRoyal","4337256319966","3.29","800g (1 kg = 4,11 €)","Tierbedarf","False","https://img.rewe-static.de/8339314/36810212_digital-image.png"
"ZooRoyal Flexo Dent Minze 85g","ZooRoyal","4337256365987","0.99","85g","Tierbedarf","False","https://img.rewe-static.de/8669126/34579461_digital-image.png"
"ZooRoyal Saftige Ringe mit Geflügel 1,5kg","ZooRoyal","4337256571494","2.79","1,50kg (1 kg = 1,86 €)","Tierbedarf","False","https://img.rewe-static.de/8885714/39396917_digital-image.png"
"ZooRoyal Softbälle mit Wurffunktion","ZooRoyal","4388860420869","3.99","1 Stück","Tierbedarf","False","https://img.rewe-static.de/8378587/40286290_digital-image.png"
"Dokas Hühnerbrust in Streifen 250g","Dokas","4251276200571","5.79","250g (1 kg = 23,16 €)","Tierbedarf","False","https://img.rewe-static.de/2801454/28047950_digital-image.png"
"ZooRoyal Minkas Naturkost Wildlachs Mini Streifen 50g","ZooRoyal","4337256462839","0.99","50g (1 kg = 19,80 €)","Tierbedarf","False","https://img.rewe-static.de/7783703/39326711_digital-image.png"
"Elles Sonnenblumenkerne 2,5kg","Elles","4251871671059","5.99","2,50kg (1 kg = 2,40 €)","Tierbedarf","False","https://img.rewe-static.de/8644062/34272286_digital-image.png"
"Purina Gourmet Revelations Mousse mit Rind 2x57g","Purina","7613287067067","1.69","2x57g (1 kg = 14,82 €)","Tierbedarf","False","https://img.rewe-static.de/7928259/36086155_digital-image.png"
"ZooRoyal Kuscheltier Giraffe mit Quietscher 24cm x 24cm x 9,5cm","ZooRoyal","4337256722469","5.99","1 Stück","Tierbedarf","False","https://img.rewe-static.de/7635058/43702937_digital-image.png"
"ZooRoyal Saftige Pastete Kalb & Pansen 175g","ZooRoyal","4337256507110","1.29","175g (1 kg = 7,37 €)","Tierbedarf","False","https://img.rewe-static.de/8830204/37655977_digital-image.png"
"Elles Sonnenblumenkerne Geschält 1kg","Elles","4251871671646","3.49","1kg","Tierbedarf","False","https://img.rewe-static.de/8694960/34272282_digital-image.png"
"Pedigree Dentastix Daily Oral Care Große Hunde 4 Stück","Pedigree","5998749142004","1.69","154g (1 kg = 10,97 €)","Tierbedarf","False","https://img.rewe-static.de/8593855/42909208_digital-image.png"
"Purina One Mini Adult Rind & Reis 800g","Purina One","7613036526845","4.49","800g (1 kg = 5,61 €)","Tierbedarf","False","https://img.rewe-static.de/8528492/41907704_digital-image.png"
"Vitakraft Drops Joghurt zuckerfrei Nager 75g","Vitakraft","4008239257895","1.69","75g (1 kg = 22,53 €)","Tierbedarf","False","https://img.rewe-static.de/5117976/23433444_digital-image.png"
"Vitakraft Nature Naturhirse 300g","Vitakraft","4008239212993","3.19","300g (1 kg = 10,63 €)","Tierbedarf","False","https://img.rewe-static.de/0208027/23431581_digital-image.png"
"ZooRoyal Insekten Snaggs Sticks 3x11g","ZooRoyal","4337256558464","0.99","3x11g (1 kg = 30 €)","Tierbedarf","False","https://img.rewe-static.de/8873872/38300591_digital-image.png"
"ZooRoyal zarte Hühnerfilets mit Rind 85g","ZooRoyal","4388860267150","0.89","85g (1 kg = 10,47 €)","Tierbedarf","False","https://img.rewe-static.de/8113128/29841123_digital-image.png"
"Cesar Natural Goodness Terrine Rind 100g","Cesar","4008429165030","0.89","100g (1 kg = 8,90 €)","Tierbedarf","False","https://img.rewe-static.de/9156830/42440231_digital-image.png"
"Crave Dose mit Huhn und Truthahn 400g","Crave","4008429130830","2.49","400g (1 kg = 6,23 €)","Tierbedarf","False","https://img.rewe-static.de/7969960/47512693_digital-image.png"
"Elles Erdnusskerne 1kg","Elles","4251871673183","4.49","1kg","Tierbedarf","False","https://img.rewe-static.de/8642259/34272278_digital-image.png"
"Elles Fettfutter 2,5kg","Elles","4251871670403","3.99","2,50kg (1 kg = 1,60 €)","Tierbedarf","False","https://img.rewe-static.de/7772800/35870554_digital-image.png"
"ZooRoyal mit Kalb 400g","ZooRoyal","4337256369831","1.49","400g (1 kg = 3,73 €)","Tierbedarf","False","https://img.rewe-static.de/8059424/40656680_digital-image.png"
"Moon Ranger Pute mit Süßkartoffeln 400g","Moon Ranger","4337256358958","2.29","400g (1 kg = 5,73 €)","Tierbedarf","False","https://img.rewe-static.de/8407520/35876790_digital-image.png"
"Vitakraft Kräcker Trio Ei/Frucht/Honig Sittich 3 Stück","Vitakraft","4008239212313","1.69","80g (1 kg = 21,13 €)","Tierbedarf","False","https://img.rewe-static.de/5717540/7444530_digital-image.png"
"Vitakraft Naturhirse mit Spezial-Halterung 100g","Vitakraft","4008239212979","1.59","100g (1 kg = 15,90 €)","Tierbedarf","False","https://img.rewe-static.de/0207780/17540850_digital-image.png"
"ZooRoyal Monoprotein Huhn Sensitiv 2kg","ZooRoyal","4337256556385","5.79","2kg (1 kg = 2,90 €)","Tierbedarf","False","https://img.rewe-static.de/7720919/38300698_digital-image.png"
"Elles Meisenfutter 3-Korn-Mix 1kg","Elles","4251871665911","2.49","1kg","Tierbedarf","False","https://img.rewe-static.de/7765480/37009171_digital-image.png"
"Vitakraft Kräcker Aprikose-Feige Sittich 2 Stück","Vitakraft","4008239212641","1.19","60g (1 kg = 19,83 €)","Tierbedarf","False","https://img.rewe-static.de/4867530/7444630_digital-image.png"
"Vitakraft Mauserhilfe Sittich/Exoten 20g","Vitakraft","4008239213112","0.69","20g (1 kg = 34,50 €)","Tierbedarf","False","https://img.rewe-static.de/3709701/23429833_digital-image.png"
"ZooRoyal Rind + Wild 800g","ZooRoyal","4337256378727","2.69","800g (1 kg = 3,36 €)","Tierbedarf","False","https://img.rewe-static.de/8030624/35876284_digital-image.png"
"ZooRoyal Sandwich mit Huhn & Wildlachs 70g","ZooRoyal","4337256394628","1.49","70g (1 kg = 21,29 €)","Tierbedarf","False","https://img.rewe-static.de/7829903/36642633_digital-image.png"
"Cesar Natural Goodness Casserole in Sauce Huhn 100g","Cesar","4008429165160","0.89","100g (1 kg = 8,90 €)","Tierbedarf","False","https://img.rewe-static.de/7603636/42440135_digital-image.png"
"Elles Meisenknödel im Eimer 30Stück","Elles","4251871690517","6.99","2,70 Stück","Tierbedarf","False","https://img.rewe-static.de/7834200/34272324_digital-image.png"
"Purina Felix So gut wie es aussieht mit Lachs in Gelee 85g","Felix","7613036894746","0.59","85g (1 kg = 6,94 €)","Tierbedarf","False","https://img.rewe-static.de/8322986/29881881_digital-image.png"
"Vitakraft Frutti Fruchtschnitte 30g","Vitakraft","4008239250636","1.29","30g (1 kg = 43 €)","Tierbedarf","False","https://img.rewe-static.de/7018495/23429869_digital-image.png"
"Vitakraft Sittich-Stärkung 30g","Vitakraft","4008239212757","0.89","30g (1 kg = 29,67 €)","Tierbedarf","False","https://img.rewe-static.de/0356840/23271703_digital-image.png"
"ZooRoyal Mini Sticks mit Huhn & Reis 70g","ZooRoyal","4337256335157","1.49","70g (1 kg = 21,29 €)","Tierbedarf","False","https://img.rewe-static.de/7829803/36027168_digital-image.png"
"ZooRoyal Nassfutter mit Lamm 400g","ZooRoyal","4337256369886","1.49","400g (1 kg = 3,73 €)","Tierbedarf","False","https://img.rewe-static.de/8355020/43597902_digital-image.png"
"ZooRoyal Schlemmer Topping mit Rind & Karotte 100g","ZooRoyal","4337256620512","1.99","4x100g","Tierbedarf","False","https://img.rewe-static.de/8926128/41563283_digital-image.png"
"Elles Erdnüsse gehackt 1kg","Elles","4251871674234","4.99","1kg","Tierbedarf","False","https://img.rewe-static.de/8828905/37009186_digital-image.png"
"Vitakraft Kräcker Ei-Grassamen Sittich 2 Stück","Vitakraft","4008239212634","1.19","54g (1 kg = 22,04 €)","Tierbedarf","False","https://img.rewe-static.de/4867513/5810570_digital-image.png"
"ZooRoyal Katzenspielzeug Einhorn mit Katzenminze","ZooRoyal","4337256310437","3.49","1 Stück","Tierbedarf","False","https://img.rewe-static.de/7870645/43617869_digital-image.png"
"Moon Ranger Lachs & Huhn mit Süßkartoffeln & Preiselbeeren 400g","Moon Ranger","4337256369268","2.29","400g","Tierbedarf","False","https://img.rewe-static.de/8382319/44243417_digital-image.png"
"ZooRoyal Spieltau","ZooRoyal","4388860724325","2.99","1 Stück","Tierbedarf","False","https://img.rewe-static.de/8359779/39895027_digital-image.png"
"Vitakraft Honig-Perlen 20g","Vitakraft","4008239211828","0.69","20g (1 kg = 34,50 €)","Tierbedarf","False","https://img.rewe-static.de/3709620/23432571_digital-image.png"
"Vitakraft Kräcker Mandel-Feige 2 Stück","Vitakraft","4008239212894","2.19","180g (1 kg = 12,17 €)","Tierbedarf","False","https://img.rewe-static.de/5254280/23333323_digital-image.png"
"ZooRoyal Latex Schwein mit Hupe","ZooRoyal","4337256485494","8.99","1 Stück","Tierbedarf","False","https://img.rewe-static.de/7735470/40286320_digital-image.png"
"ZooRoyal Mono-Protein Hühnermägen 100g","ZooRoyal","4337256458122","1.99","100g","Tierbedarf","False","https://img.rewe-static.de/8705350/34898486_digital-image.png"
"ZooRoyal TPR Stick mit Quietscher","ZooRoyal","4337256610148","2.99","1 Stück","Tierbedarf","False","https://img.rewe-static.de/7699268/43461715_digital-image.png"
"ZooRoyal Bälle mit Katzenminze 4 Stück","ZooRoyal","4388860073959","3.99","4 Stück","Tierbedarf","False","https://img.rewe-static.de/7161943/31505918_digital-image.png"
"8in1 Delights Twisted Sticks Chicken 55g","8in1","4048422122470","4.99","55g (1 kg = 90,73 €)","Tierbedarf","False","https://img.rewe-static.de/2384665/23738223_digital-image.png"
"Elles Nußstangen 3er 330g","Elles","4251871689771","3.69","330g (1 kg = 11,18 €)","Tierbedarf","False","https://img.rewe-static.de/8643595/34272298_digital-image.png"
"ZooRoyal Mono-Protein Hühnerhälse 100g","ZooRoyal","4337256327121","1.99","100g","Tierbedarf","False","https://img.rewe-static.de/8652242/34898481_digital-image.png"
"ja! Katzenfutter Feine Pasteten 4 Sorten 8x100g","ja!","4337256471190","2.4","8x100g (1 kg = 3 €)","Tierbedarf","False","https://img.rewe-static.de/0210260/2905600_digital-image.png"
"ja! Schlemmermahlzeit mit fünf leckeren Sorten 400g","ja!","4337256746403","0.79","400g (1 kg = 1,98 €)","Tierbedarf","False","https://img.rewe-static.de/0874949/1617070_digital-image.png"
"ja! Schlemmermahlzeit mit Herz und Geflügel 400g","ja!","4337256739856","0.79","400g (1 kg = 1,98 €)","Tierbedarf","False","https://img.rewe-static.de/0873322/3159420_digital-image.png"
"ja! Feine Pastete Leber & Apfel 100g","ja!","4337256550512","0.3","100g","Tierbedarf","False","https://img.rewe-static.de/8871287/37983021_digital-image.png"
"ja! Herzhaftes Ragout Wild 100g","ja!","4337256468701","0.3","100g (1 kg = 3 €)","Tierbedarf","False","https://img.rewe-static.de/3101042/26621426_digital-image.png"
"ja! Genießer-Menü Multipack Fleisch 15x100g","ja!","4337256473057","3.19","15x100g (1 kg = 2,13 €)","Tierbedarf","False","https://img.rewe-static.de/7146084/27269908_digital-image.png"
"ja! Hundesticks Geflügel 8x11g","ja!","4337256476782","0.95","8x11g (1 kg = 10,80 €)","Tierbedarf","False","https://img.rewe-static.de/2025506/21585481_digital-image.png"
"ja! Saftige Pastete mit Wild 100g","ja!","4337256474979","0.3","100g (1 kg = 3 €)","Tierbedarf","False","https://img.rewe-static.de/3101038/26621417_digital-image.png"
"ja! Saftige Pastete mit Rind 100g","ja!","4337256470773","0.3","100g (1 kg = 3 €)","Tierbedarf","False","https://img.rewe-static.de/3101033/26621411_digital-image.png"
"ja! Hundesticks Rind 8x11g","ja!","4337256477154","0.95","8x11g (1 kg = 10,80 €)","Tierbedarf","False","https://img.rewe-static.de/2025522/21585484_digital-image.png"
"ja! Hundesticks mit Wild 8x11g","ja!","4337256470704","0.95","8x11g (1 kg = 10,80 €)","Tierbedarf","False","https://img.rewe-static.de/2025529/21585487_digital-image.png"
"ja! Saftige Pastete mit Wild & Geflügel 300g","ja!","4337256474665","0.75","300g (1 kg = 2,50 €)","Tierbedarf","False","https://img.rewe-static.de/3156235/26488844_digital-image.png"
"ja! Saftige Pastete mit Rind & Leber 300g","ja!","4337256468886","0.75","300g (1 kg = 2,50 €)","Tierbedarf","False","https://img.rewe-static.de/3156228/26489130_digital-image.png"
"ja! Feine Hundesticks mit Kalb 8x11g","ja!","4337256470223","0.95","8x11g (1 kg = 10,80 €)","Tierbedarf","False","https://img.rewe-static.de/3279207/26791109_digital-image.png"
"ja! Herzhaftes Ragout mit Rind & Nudeln 300g","ja!","4337256474191","0.75","300g (1 kg = 2,50 €)","Tierbedarf","False","https://img.rewe-static.de/3156246/26489133_digital-image.png"
"ja! Schlemmerkern Pastete Huhn, Karotte und Nudeln 300g","ja!","4337256476003","0.75","300g (1 kg = 2,50 €)","Tierbedarf","False","https://img.rewe-static.de/3156240/26488847_digital-image.png"
"ja! Ragout mit Lamm & Truthahn 300g","ja!","4337256472517","0.75","300g (1 kg = 2,50 €)","Tierbedarf","False","https://img.rewe-static.de/8402575/30972411_digital-image.png"
"ja! Katzenfutter Geniesser Menü 4 Sorten 15x100g","ja!","4337256473958","3.19","15x100g (1 kg = 2,13 €)","Tierbedarf","False","https://img.rewe-static.de/7145081/27269911_digital-image.png"
"ja! Dental Snacks 7 Stück","ja!","4337256453059","0.79","250g (1 kg = 3,16 €)","Tierbedarf","False","https://img.rewe-static.de/8765199/37975004_digital-image.png"
"ja! Katzensticks Geflügel & Leber 10 Stück","ja!","4337256477598","0.95","10x5g (1 kg = 19 €)","Tierbedarf","False","https://img.rewe-static.de/2391523/24100698_digital-image.png"
"ja! Feine Katzensticks mit Seelachs und Scholle 10x5g","ja!","4337256466622","0.95","10x5g (1 kg = 19 €)","Tierbedarf","False","https://img.rewe-static.de/3039294/27269914_digital-image.png"
"ja! Kaustreifen mit Rind 20 Stück","ja!","4337256395618","0.59","200g (1 kg = 2,95 €)","Tierbedarf","False","https://img.rewe-static.de/1395504/20249644_digital-image.png"
"ja! Kaustreifen mit Geflügel 20 Stück","ja!","4337256387989","0.59","200g (1 kg = 2,95 €)","Tierbedarf","False","https://img.rewe-static.de/1395507/20249641_digital-image.png"
"ja! Klumpstreu 10kg","ja!","4337256476041","3.15","10kg (1 kg = 0,32 €)","Tierbedarf","False","https://img.rewe-static.de/2906340/25692531_digital-image.png"
"ja! Genießer-Menü Multipack Jelly 15x100g","ja!","4337256477970","3.19","15x100g (1 kg = 2,13 €)","Tierbedarf","False","https://img.rewe-static.de/7144685/27269905_digital-image.png"
"ja! Zarte Stückchen in feiner Sauce Truthan 415g","ja!","4337256556835","0.55","415g (1 kg = 1,33 €)","Tierbedarf","False","https://img.rewe-static.de/7720997/37996353_digital-image.png"
"ja! Zarte Stückchen in feiner Sauce mit Rind & Leber 415g","ja!","4337256467018","0.55","415g (1 kg = 1,33 €)","Tierbedarf","False","https://img.rewe-static.de/4961200/3079100_digital-image.png"
"ja! Feine Katzensticks Hähnchen & Ente 10x5g","ja!","4337256466356","0.95","10x5g (1 kg = 19 €)","Tierbedarf","False","https://img.rewe-static.de/2391560/24100744_digital-image.png"
"ja! Geniesser Menü verschiedene Sorten in Jelly 15x100g","ja!","4337256583411","3.19","15x100g (1 kg = 2,13 €)","Tierbedarf","False","https://img.rewe-static.de/7657120/38747854_digital-image.png"
"ja! Kräftige Brocken mit frischem Geflügel 3kg","ja!","4337256428644","3.99","3kg (1 kg = 1,33 €)","Tierbedarf","False","https://img.rewe-static.de/2097580/22489683_digital-image.png"
"ja! Zarte Stückchen in feiner Sauce mit Huhn 415g","ja!","4337256475341","0.55","415g (1 kg = 1,33 €)","Tierbedarf","False","https://img.rewe-static.de/4961269/3442600_digital-image.png"
"ja! Saftige Brocken 3 Sorten 1240g","ja!","4337256710978","1.59","1240g (1 kg = 1,28 €)","Tierbedarf","False","https://img.rewe-static.de/7163701/28889877_digital-image.png"
"ja! Zarte Stückchen in feiner Sauce mit Seelachs 415g","ja!","4337256713597","0.55","415g (1 kg = 1,33 €)","Tierbedarf","False","https://img.rewe-static.de/6206875/3934440_digital-image.png"
"ja! Zarte Stückchen in feiner Sauce Kalb & Geflügel 415g","ja!","4337256552479","0.55","415g (1 kg = 1,33 €)","Tierbedarf","False","https://img.rewe-static.de/8876293/38036986_digital-image.png"
"Greenforce Leberkäse vegan 160g","GREENFORCE","4260322214738","3.29","160g (1 kg = 20,56 €)","Vegane Vielfalt","False","https://img.rewe-static.de/8964819/40175270_digital-image.png"
"Billie Green Veganer Bacon 90g","Billie Green","4099498000049","1.99","90g (1 kg = 22,11 €)","Vegane Vielfalt","False","https://img.rewe-static.de/8778253/36494897_digital-image.png"
"REWE Bio + vegan No Muhh Haferdrink vegan 1l","REWE Bio","4337256564359","1.25","1l","Vegane Vielfalt","False","https://img.rewe-static.de/8879026/39089764_digital-image.png"
"REWE Bio Nuss-Nougat-Creme 400g","REWE Bio","4337256894975","2.99","400g (1 kg = 7,48 €)","Vegane Vielfalt","False","https://img.rewe-static.de/1004052/8860180_digital-image.png"
"REWE Beste Wahl 10 Mini Frühlingsrollen 280g","REWE Beste Wahl","4337256870320","2.59","280g (1 kg = 9,25 €)","Vegane Vielfalt","False","https://img.rewe-static.de/8019360/30678925_digital-image.png"
"REWE Bio zarte Haferflocken 500g","REWE Bio","4337256783132","0.89","500g (1 kg = 1,78 €)","Vegane Vielfalt","False","https://img.rewe-static.de/3011204/26376356_digital-image.png"
"Rügenwalder Mühle Abenteuer Mortadella Vegan 80g","Rügenwalder Mühle","4000405002834","1.59","80g (1 kg = 19,88 €)","Vegane Vielfalt","False","https://img.rewe-static.de/7585545/43105156_digital-image.png"
"Katjes Grün-Ohr Hase vegan 175g","Katjes","4037400344768","1.19","175g (1 kg = 6,80 €)","Vegane Vielfalt","False","https://img.rewe-static.de/9054920/40286177_digital-image.png"
"Deli Reform Für meine Familie 500g","Deli Reform","40264585","1.59","500g (1 kg = 3,18 €)","Vegane Vielfalt","False","https://img.rewe-static.de/2137444/23473396_digital-image.png"
"REWE Beste Wahl Samosas mit Gemüse vegan 360g","REWE Beste Wahl","4337256827867","2.79","360g (1 kg = 7,75 €)","Vegane Vielfalt","False","https://img.rewe-static.de/8877117/38819834_digital-image.png"
"REWE Beste Wahl Streichgenuss Schnittlauch vegan 150g","REWE Beste Wahl","4337256785884","1.29","150g (1 kg = 8,60 €)","Vegane Vielfalt","False","https://img.rewe-static.de/9152680/43483945_digital-image.png"
"REWE Bio + vegan Räucher-Tofu 2x175g","REWE Bio","4337256250122","2.19","2x175g (1 kg = 6,26 €)","Vegane Vielfalt","False","https://img.rewe-static.de/8583362/33782951_digital-image.png"
"Rügenwalder Mühle Veganer Schinken Spicker mit Grillgemüse 80g","Rügenwalder Mühle","4000405004593","1.59","80g (1 kg = 19,88 €)","Vegane Vielfalt","False","https://img.rewe-static.de/8139443/28792969_digital-image.png"
"Kölln Crunchy Berry Hafer-Müsli VeganChocTaste vegan 400g","Kölln","4000540003314","3.79","400g (1 kg = 9,48 €)","Vegane Vielfalt","False","https://img.rewe-static.de/8969687/40330788_digital-image.png"
"Katjes Wunderland Party vegan 175g","Katjes","4037400344751","1.19","175g (1 kg = 6,80 €)","Vegane Vielfalt","False","https://img.rewe-static.de/8968916/40286220_digital-image.png"
"Oreo Cookies Golden 154g","Oreo","7622210977434","1.79","154g (1 kg = 11,62 €)","Vegane Vielfalt","False","https://img.rewe-static.de/8251450/28624865_digital-image.png"
"Biskin Reines Pflanzenfett 1kg","Biskin","4000540061055","4.99","1000g","Vegane Vielfalt","False","https://img.rewe-static.de/7231395/27594126_digital-image.png"
"REWE Bio Kichererbsen 215g","REWE Bio","4337256179447","1.15","215g (1 kg = 5,35 €)","Vegane Vielfalt","False","https://img.rewe-static.de/7055914/27084991_digital-image.png"
"REWE Bio Gemüsebrühe 140g","REWE Bio","4337256534888","1.39","140g (1 kg = 9,93 €)","Vegane Vielfalt","False","https://img.rewe-static.de/8360458/30349713_digital-image.png"
"Rama Streichfett Sooo Buttrig! gesalzen 225g","Rama","8719200233539","1.69","225g (1 kg = 7,51 €)","Vegane Vielfalt","False","https://img.rewe-static.de/3070718/42905350_digital-image.png"
"Tartex Bio Brotaufstrich Avocado 140g","Tartex","4005514072211","2.69","140g (1 kg = 19,21 €)","Vegane Vielfalt","False","https://img.rewe-static.de/8210581/39102846_digital-image.png"
"Rügenwalder Mühle Vegane Mühlen Cordon Bleu 200g","Rügenwalder Mühle","4000405005026","3.29","2x100g (1 kg = 16,45 €)","Vegane Vielfalt","False","https://img.rewe-static.de/2363484/23598690_digital-image.png"
"REWE Bio + vegan Soja Drink 1l","REWE Bio","4337256272773","0.95","1l","Vegane Vielfalt","False","https://img.rewe-static.de/0585223/4779410_digital-image.png"
"Iglo Green Cuisine Gemüsestäbchen vegan 426g","Iglo","4250241204231","2.99","426g (1 kg = 7,02 €)","Vegane Vielfalt","False","https://img.rewe-static.de/1321392/19074390_digital-image.png"
"Katjes Fred Ferkel vegan 175g","Katjes","4037400344775","1.19","175g (1 kg = 6,80 €)","Vegane Vielfalt","False","https://img.rewe-static.de/7659637/40263309_digital-image.png"
"Katjes Wunderland Rainbow Edition vegan 175g","Katjes","4037400344799","1.19","175g (1 kg = 6,80 €)","Vegane Vielfalt","False","https://img.rewe-static.de/7661802/40286110_digital-image.png"
"Katjes Easylife Sour vegan 160g","Katjes","4037400344423","1.19","160g (1 kg = 7,44 €)","Vegane Vielfalt","False","https://img.rewe-static.de/8754991/36045032_digital-image.png"
"Bresso 100% pflanzlich mit Kräutern der Provence 140g","Bresso","3272770015653","2.49","140g (1 kg = 17,79 €)","Vegane Vielfalt","False","https://img.rewe-static.de/7894141/33277858_digital-image.png"
"Katjes Fruchtgummi ColaLife vegan 160g","Katjes","4037400431734","1.19","160g (1 kg = 7,44 €)","Vegane Vielfalt","False","https://img.rewe-static.de/8306358/29265412_digital-image.png"
"Katjes Fruchtgummi Party Fred vegan 175g","Katjes","4037400344164","1.19","175g (1 kg = 6,80 €)","Vegane Vielfalt","False","https://img.rewe-static.de/7887878/33382395_digital-image.png"
"Katjes Al Paka Cola vegan 175 g","Katjes","4037400345321","1.19","175g (1 kg = 6,80 €)","Vegane Vielfalt","False","https://img.rewe-static.de/9954091/45732382_digital-image.png"
"Katjes Glücksgefühle vegan 175g","Katjes","4037400344881","1.19","175g (1 kg = 6,80 €)","Vegane Vielfalt","False","https://img.rewe-static.de/7659029/40286091_digital-image.png"
"Rügenwalder Mühle Mühlen Crispies Brezel vegan 180g","Rügenwalder Mühle","4000405001851","3.29","180g (1 kg = 18,28 €)","Vegane Vielfalt","False","https://img.rewe-static.de/8976227/40640629_digital-image.png"
"Simply V Scheiben Character vegan 150g","Simply V","4260444963019","2.49","150g (1 kg = 16,60 €)","Vegane Vielfalt","False","https://img.rewe-static.de/9026349/42440842_digital-image.png"
"Maggi Gartengemüse Bouillon 130g","Maggi","7613039660874","1.99","130g (1 kg = 15,31 €)","Vegane Vielfalt","False","https://img.rewe-static.de/8419775/31076887_digital-image.png"
"Bionella Bio Nuss-Nougat-Creme vegan 400g","Bionella","4006040007999","3.99","400g (1 kg = 9,98 €)","Vegane Vielfalt","False","https://img.rewe-static.de/1405742/20800963_digital-image.png"
"Kölln Echte Kernige 500g","Kölln","4000540000306","1.69","500g (1 kg = 3,38 €)","Vegane Vielfalt","False","https://img.rewe-static.de/0157937/30585581_digital-image.png"
"REWE Beste Wahl Fairtrade Orangensaft 1l","REWE Beste Wahl","4337256746717","2.99","1l","Vegane Vielfalt","False","https://img.rewe-static.de/8248075/29227848_digital-image.png"
"REWE Bio Pesto Verde Vegan 130g","REWE Bio","4337256473699","2.49","130g (1 kg = 19,15 €)","Vegane Vielfalt","False","https://img.rewe-static.de/8486583/32512097_digital-image.png"
"Heichelheimer Echte Thüringer Kartoffelpuffer 10x60g","Heichelheimer","4044564510007","2.79","600g (1 kg = 4,65 €)","Vegane Vielfalt","False","https://img.rewe-static.de/7658257/970720_digital-image.png"
"Frosta Gemüse Pfanne alla Mediterranea 480g","Frosta","4008366009909","1.99","480g (1 kg = 4,15 €)","Vegane Vielfalt","True","https://img.rewe-static.de/2046109/22457968_digital-image.png"
"Wrigley's Extra Professional White Bubblemint 50 Stück","Wrigley's Extra","4009900543705","3.45","50 Stück","Vegane Vielfalt","False","https://img.rewe-static.de/8967813/41230819_digital-image.png"
"Vivera Veganes Schnitzel Hähnchen-Art 200g","Vivera","8718300875700","2.29","200g (1 kg = 11,45 €)","Vegane Vielfalt","True","https://img.rewe-static.de/8421009/30868859_digital-image.png"
"Kölln Haferkleie-Flocken 250g","Kölln","4000540002409","2.99","250g (1 kg = 11,96 €)","Vegane Vielfalt","False","https://img.rewe-static.de/5416388/3091240_digital-image.png"
"Frosta Nice Rice Korean Style vegan 500g","Frosta","4008366883301","4.69","500g (1 kg = 9,38 €)","Vegane Vielfalt","False","https://img.rewe-static.de/8947050/48075571_digital-image.png"
"Skittles Kaubonbons Fruits 125g","Skittles","4009900500166","2.39","125g (1 kg = 19,12 €)","Vegane Vielfalt","False","https://img.rewe-static.de/2925832/26022004_digital-image.png"
"Rügenwalder Mühle veganes Mühlen Hack 180g","Rügenwalder Mühle","4000405005217","3.29","180g (1 kg = 18,28 €)","Vegane Vielfalt","False","https://img.rewe-static.de/2583279/24320003_digital-image.png"
"Beyond Meat Beyond Burger vegan 226g","Beyond Meat","1230000068017","3.99","226g (1 kg = 17,65 €)","Vegane Vielfalt","False","https://img.rewe-static.de/7815185/35453040_digital-image.png"
"McCain P!ckers Crispy Onion Rings 350g","McCain","8710438121636","3.29","350g (1 kg = 9,40 €)","Vegane Vielfalt","False","https://img.rewe-static.de/8623426/33478192_digital-image.png"
"Oatly Haferdrink Barista Edition vegan 1l","Oatly","7394376616501","2.35","1l","Vegane Vielfalt","False","https://img.rewe-static.de/7223891/27491349_digital-image.png"
"Alpro Joghurtalternative Soja Erdbeere 400g","Alpro","5411188138037","1.99","400g (1 kg = 4,98 €)","Vegane Vielfalt","False","https://img.rewe-static.de/8939399/39314914_digital-image.png"
"Berief Bio Hafer Drink Natur vegan 1l","Berief","4004790017565","1.79","1l","Vegane Vielfalt","False","https://img.rewe-static.de/8156317/28061400_digital-image.png"
"Airwaves Cherry Menthol 12 Dragees","Airwaves","4009900519991","0.99","12 Stück","Vegane Vielfalt","False","https://img.rewe-static.de/7057693/38731187_digital-image.png"
"REWE Bio + vegan Tofu Natur 2x200g","REWE Bio","4337256244794","2.19","2x200g (1 kg = 5,48 €)","Vegane Vielfalt","False","https://img.rewe-static.de/7905813/33782965_digital-image.png"
"Tante Fanny Frischer Flammkuchenteig 260g","Tante Fanny","9120003412240","1.79","260g (1 kg = 6,88 €)","Vegane Vielfalt","False","https://img.rewe-static.de/0471691/961940_digital-image.png"
"Oatly Bio Hafer-Drink Classic vegan 1l","Oatly","7394376615894","2.19","1l","Vegane Vielfalt","False","https://img.rewe-static.de/0324958/22499534_digital-image.png"
"Walter Popps Veganer Fleischfreisalat 150g","Popp","4045800230475","1.99","150g (1 kg = 13,27 €)","Vegane Vielfalt","False","https://img.rewe-static.de/8688705/34969991_digital-image.png"
"Innocent Direktsaft Multi Mix orange 900ml","Innocent","5038862430739","3.49","900ml (1 l = 3,88 €)","Vegane Vielfalt","False","https://img.rewe-static.de/8639198/34183384_digital-image.png"
"Veggy Friends Veganer Bio Linsen-Aufstrich Chorizo 140g","Veggy Friends","4260177115372","2.79","140g","Vegane Vielfalt","False","https://img.rewe-static.de/8937434/43616538_digital-image.png"
"Rügenwalder Mühle Vegane Teewurst Fein 100g","Rügenwalder Mühle","4000405001394","1.89","100g (1 kg = 18,90 €)","Vegane Vielfalt","False","https://img.rewe-static.de/8613375/33159261_digital-image.png"
"Biozentrale Bio Brotaufstrich Paprika 125g","biozentrale","4005009100849","2.49","125g (1 kg = 19,92 €)","Vegane Vielfalt","False","https://img.rewe-static.de/0894747/24220330_digital-image.png"
"Alpro Joghurtalternative Soja Pfirsich vegan 400g","Alpro","5411188137917","1.99","400g (1 kg = 4,98 €)","Vegane Vielfalt","False","https://img.rewe-static.de/7679439/39314904_digital-image.png"
"Alpro High Protein Pudding Vanille vegan 200g","Alpro","5411188137887","1.39","200g (1 kg = 6,95 €)","Vegane Vielfalt","False","https://img.rewe-static.de/9020320/39610450_digital-image.png"
"REWE Beste Wahl Orangensaft mit Fruchtfleisch 1l","REWE Beste Wahl","4388860678222","2.99","1l","Vegane Vielfalt","False","https://img.rewe-static.de/0989114/7608960_digital-image.png"
"REWE Bio Linsenbolognese vegan 400g","REWE Bio","4337256542937","2.29","400g (1 kg = 5,73 €)","Vegane Vielfalt","False","https://img.rewe-static.de/7729583/39089775_digital-image.png"
"Lindt Excellence Schokolade Edelbitter mild 90% Cacao 100g","Lindt","3046920029759","3.99","100g (1 kg = 39,90 €)","Vegane Vielfalt","False","https://img.rewe-static.de/0715656/21868183_digital-image.png"
"Alpro Joghurtalternative Soja Natur ohne Zucker 400g","Alpro","5411188138099","1.99","400g (1 kg = 4,98 €)","Vegane Vielfalt","False","https://img.rewe-static.de/8936874/39489332_digital-image.png"
"Iglo Veggie Love Kürbis Quinoa vegan 400g","Iglo","4250241207782","3.49","400g (1 kg = 8,73 €)","Vegane Vielfalt","False","https://img.rewe-static.de/8128084/28374695_digital-image.png"
"Wrigley's Extra Professional White Citrus 50 Dragees","Wrigley's Extra","4009900544078","3.45","50 Stück","Vegane Vielfalt","False","https://img.rewe-static.de/7659573/40870322_digital-image.png"
"Rama Streichfett Sooo Buttrig! mit Vitamin B12 225g","Rama","8719200233744","1.69","225g (1 kg = 7,51 €)","Vegane Vielfalt","False","https://img.rewe-static.de/3070721/42905348_digital-image.png"
"Frosta Gemüse Pfanne Curry Kokos vegan 480g","Frosta","4008366007196","1.99","480g (1 kg = 4,15 €)","Vegane Vielfalt","True","https://img.rewe-static.de/1029308/22823645_digital-image.png"
"Dr. Oetker Weinstein Backpulver vegan 60g, 3 Beutel","Dr. Oetker","4000521030681","1.39","60g (1 kg = 23,17 €)","Vegane Vielfalt","False","https://img.rewe-static.de/7779902/36761407_digital-image.png"
"REWE to go Apfel Mango Maracuja Smoothie 250ml","REWE to go","4337256296373","1.29","250ml (1 l = 5,16 €)","Vegane Vielfalt","False","https://img.rewe-static.de/8628139/34570229_digital-image.png"
"Violife Pizza Mix Gerieben Vegan 150g","Violife","5202390031106","2.49","150g (1 kg = 16,60 €)","Vegane Vielfalt","False","https://img.rewe-static.de/7588424/43330965_digital-image.png"
"REWE Bio + vegan Tomatensauce Bolognese 350g","REWE Bio","4337256630757","1.89","350g (1 kg = 5,40 €)","Vegane Vielfalt","False","https://img.rewe-static.de/8907732/39124563_digital-image.png"
"Rügenwalder Mühle Vegane Mühlen Schnitzel 180g","Rügenwalder Mühle","4000405005002","3.29","2x90g (1 kg = 18,28 €)","Vegane Vielfalt","False","https://img.rewe-static.de/2363478/23598482_digital-image.png"
"Slendier Spaghetti Style Bio Konjakwurzel vegan 250g","NA","9346976000325","2.99","250g (1 kg = 11,96 €)","Vegane Vielfalt","False","https://img.rewe-static.de/2314734/23375255_digital-image.png"
"Wrigley's Extra Professional White Himbeere Granatapfel 50 Dragees","Wrigley's Extra","4009900544177","3.45","50 Stück","Vegane Vielfalt","False","https://img.rewe-static.de/8969103/40934796_digital-image.png"
"Kölln Crunchy Mango Maracuja Hafer-Müsli vegan 400g","Kölln","4000540003956","3.79","400g (1 kg = 9,48 €)","Vegane Vielfalt","False","https://img.rewe-static.de/7574668/43906863_digital-image.png"
"Meggle Kräuter-Tube vegan 80ml","Meggle","4034900011244","2.49","80ml (1 l = 31,13 €)","Vegane Vielfalt","False","https://img.rewe-static.de/7814816/35135529_digital-image.png"
"Rügenwalder Mühle Veganer Schinken Spicker Mortadella 80g","Rügenwalder Mühle","4000405004968","1.59","80g (1 kg = 19,88 €)","Vegane Vielfalt","False","https://img.rewe-static.de/7785273/35912579_digital-image.png"
"Biozentrale Bio Flüssiges Tahin vegan 300ml","biozentrale","4005009101976","4.99","300ml (1 l = 16,63 €)","Vegane Vielfalt","False","https://img.rewe-static.de/8772073/39528834_digital-image.png"
"REWE Bio + vegan Hafer Drink ohne Zucker 1l","REWE Bio","4337256571005","0.9","1l","Vegane Vielfalt","False","https://img.rewe-static.de/8644883/35532057_digital-image.png"
"Andros Joghurt aus Kokosmilch Natur vegan 350g","Andros SO GOOD So Veggie","4250950115026","1.99","350g (1 kg = 5,69 €)","Vegane Vielfalt","False","https://img.rewe-static.de/8889942/38309043_digital-image.png"
"Zum Dorfkrug Kirschgrütze 375g","Zum Dorfkrug","4260054653225","2.49","375g (1 kg = 6,64 €)","Vegane Vielfalt","False","https://img.rewe-static.de/2143234/22351577_digital-image.png"
"Billie Green Vegane Salami Baguette Style 70g","Billie Green","4099498000063","1.69","70g (1 kg = 24,14 €)","Vegane Vielfalt","False","https://img.rewe-static.de/8947946/39350549_digital-image.png"
"REWE Bio + vegan Eiersatz 15g","REWE Bio","4337256581424","0.79","15g (1 kg = 52,67 €)","Vegane Vielfalt","False","https://img.rewe-static.de/8893877/39124597_digital-image.png"
"Alpro Joghurtalternative Soja Hafer+ Natur 400g","Alpro","5411188130741","1.99","400g (1 kg = 4,98 €)","Vegane Vielfalt","False","https://img.rewe-static.de/8044278/33917876_digital-image.png"
"Kölln Beeriges Hafer-Porridge 375g","Kölln","4000540000726","3.49","375g (1 kg = 9,31 €)","Vegane Vielfalt","False","https://img.rewe-static.de/8285997/29272278_digital-image.png"
"Oatly Aufstrich Gurke & Knoblauch 150g","Oatly","7394376617157","1.99","150g (1 kg = 13,27 €)","Vegane Vielfalt","False","https://img.rewe-static.de/8020972/30670851_digital-image.png"
"Wrigley's Extra Mints Professional Classic Mint 70 Pastillen","Wrigley's Extra","4009900447300","2.29","70 Stück","Vegane Vielfalt","False","https://img.rewe-static.de/0697652/20689030_digital-image.png"
"REWE frei von Bio Haferriegel Schoko glutenfrei 25g","REWE frei von","4337256394680","0.89","25g (1 kg = 35,60 €)","Vegane Vielfalt","False","https://img.rewe-static.de/7824844/36647173_digital-image.png"
"Iglo Veggie Love Brokkoli Buchweizen vegan 400g","Iglo","4250241207768","3.49","400g (1 kg = 8,73 €)","Vegane Vielfalt","False","https://img.rewe-static.de/8223678/28374798_digital-image.png"
"Frosta Chili con Quinoa Vegan 500g","Frosta","4008366012817","4.69","500g (1 kg = 9,38 €)","Vegane Vielfalt","False","https://img.rewe-static.de/3394267/28060981_digital-image.png"
"Vantastic foods Soja Schnetzel vegan 250g","Vantastic Foods","4260661092141","2.49","250g (1 kg = 9,96 €)","Vegane Vielfalt","False","https://img.rewe-static.de/3436750/28527764_digital-image.png"
"Knorr Tex-Mex Sauce 250ml","Knorr","8720182790026","0.99","250ml (1 l = 3,96 €)","Vegane Vielfalt","True","https://img.rewe-static.de/9033833/42942713_digital-image.png"
"KoRo Bio Nut Butter Cups Hazelnut vegan 39g","KoRo","4255582805642","1.99","39g (1 kg = 51,03 €)","Vegane Vielfalt","False","https://img.rewe-static.de/8925507/39134507_digital-image.png"
"Hubba Bubba Fancy Fruit 5 Stück","Hubba Bubba","42212003","0.85","1 Stück","Vegane Vielfalt","False","https://img.rewe-static.de/2120412/22388701_digital-image.png"
"bibigo Gyoza Tofu & Vegetable vegan 300g","bibigo","4016337960098","3.89","300g (1 kg = 12,97 €)","Vegane Vielfalt","False","https://img.rewe-static.de/8741519/36706280_digital-image.png"
"Ahoj-Brause Bonbons Box 125g","Ahoj-Brause","4033500101768","1.39","125g (1 kg = 11,12 €)","Vegane Vielfalt","False","https://img.rewe-static.de/7865341/2814960_digital-image.png"
"Küchle Knabber-Esspapier verschiedene Sorten 25g","Küchle","4035600919113","0.99","25g (1 kg = 39,60 €)","Vegane Vielfalt","False","https://img.rewe-static.de/2360028/23632576_digital-image.png"
"The Vegan Cow Bio Joghurtalternative Hafer Vanille vegan 150g","NA","4260289420432","1.59","150g (1 kg = 10,60 €)","Vegane Vielfalt","False","https://img.rewe-static.de/8400578/30639621_digital-image.png"
"Langnese Capri Orangenfruchteis 9x55ml","Langnese","4056100012135","2.49","9x55ml (1 l = 5,03 €)","Vegane Vielfalt","True","https://img.rewe-static.de/5391245/2212930_digital-image.png"
"Knorr Schaschlik Sauce 250ml","Knorr","4013300031250","0.99","250ml (1 l = 3,96 €)","Vegane Vielfalt","True","https://img.rewe-static.de/4706340/8128240_digital-image.png"
"REWE Bio Soja-Sauce","REWE Bio","4337256374095","2.99","250ml (1 l = 11,96 €)","Vegane Vielfalt","False","https://img.rewe-static.de/8341536/30315966_digital-image.png"
"Rügenwalder Mühle Schinken Spicker mit Schnittlauch vegan 80g","Rügenwalder Mühle","4000405004470","1.59","80g (1 kg = 19,88 €)","Vegane Vielfalt","False","https://img.rewe-static.de/8667972/2550600_digital-image.png"
"REWE Beste Wahl Schnitzel vegan 200g","REWE Beste Wahl","21791659","1.99","200g (1 kg = 9,95 €)","Vegane Vielfalt","False","https://img.rewe-static.de/7778311/37606250_digital-image.png"
"Iglo Green Cuisine Chicken Dinos vegan 250g","Iglo","4250241209205","3.29","250g (1 kg = 13,16 €)","Vegane Vielfalt","False","https://img.rewe-static.de/7797454/35752153_digital-image.png"
"De Beukelaer Cereola mit ChoViva vegan 150g","De Beukelaer","4001518116593","1.99","150g (1 kg = 13,27 €)","Vegane Vielfalt","False","https://img.rewe-static.de/8374727/41004748_digital-image.png"
"Alpro Skyr-Alternative Ohne Zucker vegan 400g","Alpro","5411188128588","1.99","400g (1 kg = 4,98 €)","Vegane Vielfalt","False","https://img.rewe-static.de/8287926/42670720_digital-image.png"
"Rügenwalder Mühle Veganer Schinken Spicker mit bunter Paprika 80g","Rügenwalder Mühle","4000405004982","1.59","80g (1 kg = 19,88 €)","Vegane Vielfalt","False","https://img.rewe-static.de/7785277/35912582_digital-image.png"
"Hubba Bubba Apfel 5 Stück","Hubba Bubba","40099491","0.85","5 Stück","Vegane Vielfalt","False","https://img.rewe-static.de/7679701/40800187_digital-image.png"
"Bonduelle Kichererbsen 265g","Bonduelle","3083681003949","1.79","265g (1 kg = 6,75 €)","Vegane Vielfalt","False","https://img.rewe-static.de/1082265/23328874_digital-image.png"
"Knorr Paprika Sauce Ungarische Art 250ml","Knorr","8710522890943","0.99","250ml (1 l = 3,96 €)","Vegane Vielfalt","True","https://img.rewe-static.de/7963249/31799250_digital-image.png"
"Alpro Soja-Drink Ohne Zucker vegan 1l","Alpro","5411188115496","2.49","1l","Vegane Vielfalt","False","https://img.rewe-static.de/2317807/39453334_digital-image.png"
"Billie Green Vegane Schinkenwürfel 3x30g","Billie Green","4099498000230","1.99","90g (1 kg = 22,11 €)","Vegane Vielfalt","False","https://img.rewe-static.de/7780106/36494928_digital-image.png"
"Rügenwalder Mühle Veganer Hauchschnitt Typ Hähnchen 70g","Rügenwalder Mühle","4000405001738","1.59","70g (1 kg = 22,71 €)","Vegane Vielfalt","False","https://img.rewe-static.de/7657674/40173394_digital-image.png"
"Alpro Hafer-Drink Barista vegan 1l","Alpro","5411188127697","2.49","1l","Vegane Vielfalt","False","https://img.rewe-static.de/8358463/32623823_digital-image.png"
"LikeMeat Like Chicken vegan 180g","LikeMeat","4260380665015","3.29","180g (1 kg = 18,28 €)","Vegane Vielfalt","False","https://img.rewe-static.de/7704499/38443403_digital-image.png"
"REWE Bio Streichcreme Süßkartoffel Dattel Curry vegan 180g","REWE Bio","4337256785631","1.25","180g (1 kg = 6,94 €)","Vegane Vielfalt","False","https://img.rewe-static.de/9144270/43213316_digital-image.png"
"Pickerd Vanille Extrakt zuckerfrei 50ml","Pickerd","4022500137617","4.99","50ml (1 l = 99,80 €)","Vegane Vielfalt","False","https://img.rewe-static.de/8823377/36761488_digital-image.png"
"REWE Beste Wahl Mandarinensaft 100% 1l","REWE Beste Wahl","4337256726719","2.69","1l","Vegane Vielfalt","False","https://img.rewe-static.de/8626953/34567470_digital-image.png"
"Rügenwalder Mühle Veganer Schinken Spicker Salat Kräuter 150g","Rügenwalder Mühle","4000405002711","1.99","150g (1 kg = 13,27 €)","Vegane Vielfalt","False","https://img.rewe-static.de/8731736/35463669_digital-image.png"
"The Vegetarian Butcher Veganes Hick-Hack-Hurra 180g","The Vegetarian Butcher","8710522887165","3.19","180g (1 kg = 17,72 €)","Vegane Vielfalt","False","https://img.rewe-static.de/8523840/31812000_digital-image.png"
"Rügenwalder Mühle Vegane Mühlen Nuggets Klassisch 180g","Rügenwalder Mühle","4000405005033","3.29","180g (1 kg = 18,28 €)","Vegane Vielfalt","False","https://img.rewe-static.de/2363473/23598694_digital-image.png"
"Skittles Kaubonbons Crazy Sours 38g","Skittles","5000159376792","0.85","38g (1 kg = 22,37 €)","Vegane Vielfalt","False","https://img.rewe-static.de/3137237/31505381_digital-image.png"
"Kölln Balance zarte Flocken glutenfrei 500g","Kölln","4000540000177","2.99","500g (1 kg = 5,98 €)","Vegane Vielfalt","False","https://img.rewe-static.de/7000476/26324726_digital-image.png"
"Rügenwalder Mühle Hauchschnitt Curry Typ Hähnchen vegan 70g","Rügenwalder Mühle","4000405001745","1.59","70g (1 kg = 22,71 €)","Vegane Vielfalt","False","https://img.rewe-static.de/8972662/40640630_digital-image.png"
"Kölln Bio Schmelzflocken 250g","Kölln","4000540002508","1.79","250g (1 kg = 7,16 €)","Vegane Vielfalt","False","https://img.rewe-static.de/0157929/24669421_digital-image.png"
"Alpro Hafer-Mandel-Drink vegan 1l","Alpro","5411188124726","2.49","1l","Vegane Vielfalt","False","https://img.rewe-static.de/7079364/27015719_digital-image.png"
"Tante Fanny Frischer Dinkel-Flammkuchenteig 260g","Tante Fanny","9120003414640","2.19","260g (1 kg = 8,42 €)","Vegane Vielfalt","False","https://img.rewe-static.de/8360272/31419359_digital-image.png"
"Alpro Joghurtalternative Soja Mango Ohne Zuckerzusatz vegan 400g","Alpro","5411188125808","1.99","400g (1 kg = 4,98 €)","Vegane Vielfalt","False","https://img.rewe-static.de/7211978/42671460_digital-image.png"
"Greenforce Cevapcici vegan 180g","GREENFORCE","4260322211362","2.99","180g (1 kg = 16,61 €)","Vegane Vielfalt","False","https://img.rewe-static.de/8678106/34780508_digital-image.png"
"Trolli Sour Bizzl Mix vegan 150g","Trolli","4000512463672","1.09","150g (1 kg = 7,27 €)","Vegane Vielfalt","False","https://img.rewe-static.de/8941241/41018504_digital-image.png"
"Oatly Aufstrich Tomate & Basilikum vegan 150g","Oatly","7394376617140","1.99","150g (1 kg = 13,27 €)","Vegane Vielfalt","False","https://img.rewe-static.de/8400094/30646085_digital-image.png"
"Alpro Skyr-Alternative Mango vegan 400 g","Alpro","5411188128625","1.99","400g (1 kg = 4,98 €)","Vegane Vielfalt","False","https://img.rewe-static.de/8289224/42670708_digital-image.png"
"Billie Green Vegane Salami mit Pfeffer 70g","Billie Green","4099498000025","1.59","70g (1 kg = 22,71 €)","Vegane Vielfalt","False","https://img.rewe-static.de/7780402/36494939_digital-image.png"
"REWE Bio Streichcreme Rote Bete-Meerrettich 180g","REWE Bio","4337256398930","1.25","180g (1 kg = 6,94 €)","Vegane Vielfalt","False","https://img.rewe-static.de/2746694/27258022_digital-image.png"
"Iglo Würzspinat mit Zwiebeln 500g","Iglo","4250241202831","2.99","500g (1 kg = 5,98 €)","Vegane Vielfalt","False","https://img.rewe-static.de/0951482/23749343_digital-image.png"
"Kölln Hafer-Porridge Feine Basis 375g","Kölln","4000540000719","3.49","375g (1 kg = 9,31 €)","Vegane Vielfalt","False","https://img.rewe-static.de/8525431/32693989_digital-image.png"
"Müller Vegan Mix Banane mit Schoko Flakes 150g","Müller","4025500288556","1.39","125g (1 kg = 11,12 €)","Vegane Vielfalt","False","https://img.rewe-static.de/9967544/45402358_digital-image.png"
"KoRo Bio Nut Butter Cups Salty Pistachio 3x13g","KoRo","4255582805512","2.29","3x13g (1 kg = 58,72 €)","Vegane Vielfalt","False","https://img.rewe-static.de/7677086/41504558_digital-image.png"
"LikeMeat Like Rostbratwürstchen vegan 175g","LikeMeat","4260380662342","3.29","175g (1 kg = 18,80 €)","Vegane Vielfalt","False","https://img.rewe-static.de/7921688/32637356_digital-image.png"
"bedda Scheiben Schedda vegan 150g","bedda","4056924000554","2.79","150g (1 kg = 18,60 €)","Vegane Vielfalt","False","https://img.rewe-static.de/2467490/24143914_digital-image.png"
"Peter Pane Knoblauch Creme vegan 300ml","Peter Pane","4250231458835","3.79","300ml (1 l = 12,63 €)","Vegane Vielfalt","False","https://img.rewe-static.de/7814287/35151486_digital-image.png"
"REWE Bio + vegan Bunte Bären vegan 100g","REWE Bio","4337256427043","1.49","100g (1 kg = 14,90 €)","Vegane Vielfalt","False","https://img.rewe-static.de/8739691/36410722_digital-image.png"
"REWE Beste Wahl Bananennektar 1l","REWE Beste Wahl","4388860250664","1.39","1l","Vegane Vielfalt","False","https://img.rewe-static.de/0135306/29991725_digital-image.png"
"Chio Chips Red Paprika 150g","Chio","4001242108536","1.99","150g (1 kg = 13,27 €)","Vegane Vielfalt","False","https://img.rewe-static.de/7705130/1741150_digital-image.png"
"Ben & Jerry's and Tony's Chocolonely non dairy Chocolatey Love A Fair vegan 465ml","Ben & Jerry's","8711327626089","3.99","465ml (1 l = 8,58 €)","Vegane Vielfalt","True","https://img.rewe-static.de/9062433/43972086_digital-image.png"
"REWE Bio Naturland Tomatensauce Arrabbiata 350g","REWE Bio","4337256380348","1.89","345g (1 kg = 5,48 €)","Vegane Vielfalt","False","https://img.rewe-static.de/8679654/36263799_digital-image.png"
"Schlagfix universelle Schlagcreme vegan 200ml","Schlagfix","4260024180089","1.09","200ml (1 l = 5,45 €)","Vegane Vielfalt","False","https://img.rewe-static.de/2156195/27809566_digital-image.png"
"Innocent Direktsaft Orange ohne Fruchtfleisch 1350ml","Innocent","5038862435178","4.49","1350ml (1 l = 3,33 €)","Vegane Vielfalt","False","https://img.rewe-static.de/8641384/34183479_digital-image.png"
"Frosta Gemüse Pfanne à la Provence 480g","Frosta","4008366006953","1.99","480g (1 kg = 4,15 €)","Vegane Vielfalt","True","https://img.rewe-static.de/1029303/8450490_digital-image.png"
"Katjes Sheroes Mix vegan 175g","Katjes","4037400344836","1.19","175g (1 kg = 6,80 €)","Vegane Vielfalt","False","https://img.rewe-static.de/8967594/40958101_digital-image.png"
"REWE Beste Wahl Vegane Burger Patties 230g","REWE Beste Wahl","4337256319409","1.99","230g (1 kg = 8,65 €)","Vegane Vielfalt","False","https://img.rewe-static.de/8645362/34863499_digital-image.png"
"Bonduelle Kichererbsen Bohnen Mix 125g","Bonduelle","3083681126815","1.39","125g (1 kg = 11,12 €)","Vegane Vielfalt","False","https://img.rewe-static.de/8687506/35095894_digital-image.png"
"REWE Bio + vegan Streichcreme Tomate, Paprika, Belugalinse & Balsamico 180g","REWE Bio","4337256396424","1.25","180g (1 kg = 6,94 €)","Vegane Vielfalt","False","https://img.rewe-static.de/8446878/32021279_digital-image.png"
"Greenforce Fertigmischung Veganes Hack 75g","GREENFORCE","4260322212307","2.99","75g (1 kg = 39,87 €)","Vegane Vielfalt","False","https://img.rewe-static.de/7806185/35899842_digital-image.png"
"Airwaves Cool Cassis Kaugummi 50 Dragees","Airwaves","4009900537698","2.95","50 Stück","Vegane Vielfalt","False","https://img.rewe-static.de/8696976/35690287_digital-image.png"
"REWE Beste Wahl Nuggets mit Sweet Chili & Süß-Sauer Dip vegan 300g","REWE Beste Wahl","4337256690195","2.29","300g (1 kg = 7,63 €)","Vegane Vielfalt","False","https://img.rewe-static.de/7648597/41568838_digital-image.png"
"REWE Bio + vegan Edamame & Erbsen Streichcreme 180g","REWE Bio","4337256490054","1.25","180g (1 kg = 6,94 €)","Vegane Vielfalt","False","https://img.rewe-static.de/8865250/36955327_digital-image.png"
"Oatly Hafer Cuisine zum Kochen 250ml","Oatly","7394376616952","1.29","250ml (1 l = 5,16 €)","Vegane Vielfalt","False","https://img.rewe-static.de/8405244/31160674_digital-image.png"
"Alpro Joghurtalternative Soja Vanille vegan 400g","Alpro","5411188137955","1.99","400g (1 kg = 4,98 €)","Vegane Vielfalt","False","https://img.rewe-static.de/8934545/39182740_digital-image.png"
"Oreo Cookies Original 176g","Oreo","8410000810004","1.99","4x44g (1 kg = 11,31 €)","Vegane Vielfalt","False","https://img.rewe-static.de/4578503/26892520_digital-image.png"
"Greenforce Frische Köttbullar vegan 180g","GREENFORCE","4260322211355","2.99","180g (1 kg = 16,61 €)","Vegane Vielfalt","False","https://img.rewe-static.de/7843009/34780675_digital-image.png"
"Bamboo Garden Mie Nudeln vegan 250g","Bamboo Garden","4023900545446","1.69","250g (1 kg = 6,76 €)","Vegane Vielfalt","False","https://img.rewe-static.de/9084753/43440209_digital-image.png"
"Veggy Friends Soja Hack vegan 170g","Veggy Friends","4260177113620","2.29","170g (1 kg = 13,47 €)","Vegane Vielfalt","False","https://img.rewe-static.de/2147096/27333890_digital-image.png"
"McCain Rösti 550g","McCain","8710438118339","2.99","550g (1 kg = 5,44 €)","Vegane Vielfalt","False","https://img.rewe-static.de/8000091/31488015_digital-image.png"
"Alpro Soja-Dessert Dunkle Schokolade Feinherb vegan 4x125g","Alpro","5411188091622","2.09","4x125g (1 kg = 4,18 €)","Vegane Vielfalt","False","https://img.rewe-static.de/1099680/22401405_digital-image.png"
"Violife Greek White Block vegan 150g","Violife","5202390029301","2.99","150g (1 kg = 19,93 €)","Vegane Vielfalt","False","https://img.rewe-static.de/8858962/37292484_digital-image.png"
"Billie Green Vegane Salami Klassik 70g","Billie Green","4099498000018","1.59","70g (1 kg = 22,71 €)","Vegane Vielfalt","False","https://img.rewe-static.de/7780891/36494940_digital-image.png"
"Seeberger Mikrowellen Popcorn salzig vegan 90g","Seeberger","4008258527054","0.99","90g (1 kg = 11 €)","Vegane Vielfalt","False","https://img.rewe-static.de/7809945/35572179_digital-image.png"
"Seeberger Mikrowellen Popcorn süß vegan 90g","Seeberger","4008258526064","0.99","90g (1 kg = 11 €)","Vegane Vielfalt","False","https://img.rewe-static.de/8735965/35571581_digital-image.png"
"Erasco Vegetarischer Linsen-Eintopf 800g","Erasco","4037300104011","3.29","800g (1 kg = 4,11 €)","Vegane Vielfalt","False","https://img.rewe-static.de/2749747/26280927_digital-image.png"
"Airwaves Menthol & Eucalyptus Kaugummi 3x10 Dragees","Airwaves","4009900360937","1.89","NA","Vegane Vielfalt","False","https://img.rewe-static.de/4801245/20653948_digital-image.png"
"Skittles Kaubonbons Fruits 38g","Skittles","5000159376655","0.85","38g (1 kg = 22,37 €)","Vegane Vielfalt","False","https://img.rewe-static.de/3137285/31505382_digital-image.png"
"Iglo Green Cuisine Chicken Nuggets vegan 250g","Iglo","4250241208628","3.29","250g (1 kg = 13,16 €)","Vegane Vielfalt","False","https://img.rewe-static.de/8497080/31892360_digital-image.png"
"Innocent Direktsaft Multi Mix gelb 900ml","Innocent","5038862432863","3.49","900ml (1 l = 3,88 €)","Vegane Vielfalt","False","https://img.rewe-static.de/8641629/34330599_digital-image.png"
"REWE Beste Wahl Hack vegan 275g","REWE Beste Wahl","4337256282826","2.29","275g (1 kg = 8,33 €)","Vegane Vielfalt","False","https://img.rewe-static.de/8613284/34412926_digital-image.png"
"Peter Pane Mango Curry-Sauce vegan 300ml","Peter Pane","4250231458330","3.79","300ml (1 l = 12,63 €)","Vegane Vielfalt","False","https://img.rewe-static.de/7816171/35150887_digital-image.png"
"Mövenpick Zitronensorbet 850ml","Mövenpick","4008211004400","3.99","850ml (1 l = 4,69 €)","Vegane Vielfalt","False","https://img.rewe-static.de/8886007/37945554_digital-image.png"
"Walter Popps Veganer Eifreisalat 150g","Popp","4045800230499","1.99","150g (1 kg = 13,27 €)","Vegane Vielfalt","False","https://img.rewe-static.de/7838593/34871575_digital-image.png"
"KoRo Veganer Proteinriegel Schokolade Brownie 55g","KoRo","4260654789119","1.99","55g (1 kg = 36,18 €)","Vegane Vielfalt","False","https://img.rewe-static.de/8631674/34411349_digital-image.png"
"Peter Pane Zitronen-Thymian-Sauce vegan 300ml","Peter Pane","4250231459238","3.79","300ml","Vegane Vielfalt","False","https://img.rewe-static.de/7815078/35151488_digital-image.png"
"Sinnack Kaiserbrötchen Mohn & Sesam 220g","Sinnack","4009097010684","1.19","220g (1 kg = 5,41 €)","Vegane Vielfalt","False","https://img.rewe-static.de/8864256/38806928_digital-image.png"
"REWE Bio + vegan Hafer Drink ohne Zuckerzusatz 1l","REWE Bio","4337256257398","0.9","1l","Vegane Vielfalt","False","https://img.rewe-static.de/2587736/24675765_digital-image.png"
"Frosta Veggie Hühner Frikassee vegan 450g","Frosta","4008366017157","4.69","450g (1 kg = 10,42 €)","Vegane Vielfalt","False","https://img.rewe-static.de/8684416/46894342_digital-image.png"
"Alpro Soja-Kochcrème Cuisine vegan 250ml","Alpro","5411188120575","1.29","250ml (1 l = 5,16 €)","Vegane Vielfalt","False","https://img.rewe-static.de/3640922/3838740_digital-image.png"
"Alpro Soja-Drink Protein vegan 1l","Alpro","5411188115472","2.49","1l","Vegane Vielfalt","False","https://img.rewe-static.de/2372445/39646370_digital-image.png"
"Ahoj-Brause Brause-Brocken vegan 10x8g","Ahoj-Brause","40335834","0.79","80g (1 kg = 9,88 €)","Vegane Vielfalt","False","https://img.rewe-static.de/4571959/21332795_digital-image.png"
"Ahoj-Brause Brause-Bonbons Stangen vegan 69g","Ahoj-Brause","40335759","0.79","69g (1 kg = 11,45 €)","Vegane Vielfalt","False","https://img.rewe-static.de/4000978/2840430_digital-image.png"
"Alpro Hafer-Drink Ohne Zucker vegan 1l","Alpro","5411188124689","2.49","1l","Vegane Vielfalt","False","https://img.rewe-static.de/8204613/39703180_digital-image.png"
"REWE Beste Wahl Eis Cookie Dough vegan 500ml","REWE Beste Wahl","4337256548441","2.49","500ml (1 l = 4,98 €)","Vegane Vielfalt","False","https://img.rewe-static.de/8474352/32205770_digital-image.png"
"Coppenrath & Wiese Mandel-Bienenstich Torte vegan 360g","Conditorei Coppenrath & Wiese","4008577020816","4.99","360g (1 kg = 13,86 €)","Vegane Vielfalt","False","https://img.rewe-static.de/8818659/36987103_digital-image.png"
"Vantastic Foods Schakaberry vegan 100g","Vantastic Foods","4260661092288","2.99","100g (1 kg = 29,90 €)","Vegane Vielfalt","False","https://img.rewe-static.de/3447242/32736269_digital-image.png"
"Becel Vital Omega 3 vegan 225g","Becel","8719200262140","1.99","225g (1 kg = 8,84 €)","Vegane Vielfalt","False","https://img.rewe-static.de/8835801/36800465_digital-image.png"
"REWE Bio + vegan Tahini Hummus 150g","REWE Bio","4337256764940","1.99","150g (1 kg = 13,27 €)","Vegane Vielfalt","False","https://img.rewe-static.de/8144700/28936952_digital-image.png"
"REWE Bio + vegan Falafel Trockenmischung 175g","REWE Bio","4337256259866","1.29","175g (1 kg = 7,37 €)","Vegane Vielfalt","False","https://img.rewe-static.de/7250357/28506455_digital-image.png"
"Katjes Tropen Früchte vegan 175g","Katjes","4037400344829","1.19","175g (1 kg = 6,80 €)","Vegane Vielfalt","False","https://img.rewe-static.de/7660299/40286104_digital-image.png"
"LikeMeat Like Gyros vegan 180g","LikeMeat","4260380665053","3.29","180g (1 kg = 18,28 €)","Vegane Vielfalt","False","https://img.rewe-static.de/8897837/38443404_digital-image.png"
"Zum Dorfkrug Sylter Salatfrische Die Leichte 250ml","Zum Dorfkrug","4260054650729","2.29","250ml (1 l = 9,16 €)","Vegane Vielfalt","False","https://img.rewe-static.de/2747141/24890028_digital-image.png"
"REWE Bio + vegan Schokolade Ganze Haselnuss 100g","REWE Bio","4337256467131","1.99","100g (1 kg = 19,90 €)","Vegane Vielfalt","False","https://img.rewe-static.de/7868590/33525189_digital-image.png"
"REWE Bio Mango Sorbet 500ml","REWE Bio","4337256074131","2.99","500ml (1 l = 5,98 €)","Vegane Vielfalt","False","https://img.rewe-static.de/2520600/24561766_digital-image.png"
"Oatly Bio Hafer Cuisine 250ml","Oatly","7394376615931","1.29","250ml (1 l = 5,16 €)","Vegane Vielfalt","False","https://img.rewe-static.de/8880867/22499508_digital-image.png"
"Maggi Ravioli Gemüse vegan 800g","Maggi","4005500330318","2.99","800g (1 kg = 3,74 €)","Vegane Vielfalt","False","https://img.rewe-static.de/9282840/19500910_digital-image.png"
"REWE Beste Wahl Hummus Mango-Curry vegan 200g","REWE Beste Wahl","4337256724937","1.69","200g (1 kg = 8,45 €)","Vegane Vielfalt","False","https://img.rewe-static.de/7636592/42136266_digital-image.png"
"Lorenz Saltletts Mini Bagel 150g","Saltletts","4018077888038","2.19","100g (1 kg = 21,90 €)","Vegane Vielfalt","False","https://img.rewe-static.de/8786843/40349701_digital-image.png"
"Deli Reform Die Leichte 500g","Deli Reform","40264776","2.19","500g (1 kg = 4,38 €)","Vegane Vielfalt","False","https://img.rewe-static.de/9772995/3686580_digital-image.png"
"Dr. Schlincks Palmin Pflanzenfett 250g","Dr. Schlincks","4000540017014","2.29","250g (1 kg = 9,16 €)","Vegane Vielfalt","False","https://img.rewe-static.de/4532970/1754080_digital-image.png"
"Alpro Hafer-Drink Original vegan 1l","Alpro","5411188116028","1.49","1l","Vegane Vielfalt","False","https://img.rewe-static.de/2317861/41623003_digital-image.png"
"Innocent Plus Saft Blue Break 750ml","Innocent","5038862435345","3.49","750ml (1 l = 4,65 €)","Vegane Vielfalt","False","https://img.rewe-static.de/8640873/33592380_digital-image.png"
"Katjes Wunderland Pink Edition vegan 175g","Katjes","4037400344805","1.19","175g (1 kg = 6,80 €)","Vegane Vielfalt","False","https://img.rewe-static.de/8969832/40286326_digital-image.png"
"REWE to go Falafel Salat vegan 310g","REWE to go","4337256851510","2.99","310g","Vegane Vielfalt","False","https://img.rewe-static.de/7568348/44697425_digital-image.png"
"Innocent Direktsaft Orange ohne Fruchtfleisch 900ml","Innocent","5038862439886","3.49","900ml (1 l = 3,88 €)","Vegane Vielfalt","False","https://img.rewe-static.de/8637888/34330756_digital-image.png"
"Kölln Bio Haferflocken zart 500g","Kölln","4000540000641","2.29","500g (1 kg = 4,58 €)","Vegane Vielfalt","False","https://img.rewe-static.de/8023871/31184198_digital-image.png"
"Slendier Bio Rice Style Shirataki glutenfrei 250g","NA","9346976000356","2.99","250g (1 kg = 11,96 €)","Vegane Vielfalt","False","https://img.rewe-static.de/2413411/25411606_digital-image.png"
"Bauckhof Falafel Bio Glutenfrei 160g","Bauckhof","4015637822952","2.49","160g (1 kg = 15,56 €)","Vegane Vielfalt","False","https://img.rewe-static.de/0374316/10311930_digital-image.png"
"REWE Bio Zitronen Sorbet 500ml","REWE Bio","4337256076340","2.99","500ml (1 l = 5,98 €)","Vegane Vielfalt","False","https://img.rewe-static.de/0535509/1077870_digital-image.png"
"Fairtrade Original Thailändisches Rotes Curry 70g","Fairtrade Original","8711741356050","2.29","70g (1 kg = 32,71 €)","Vegane Vielfalt","False","https://img.rewe-static.de/3380719/31502317_digital-image.png"
"Biozentrale Bio Couscous 400g","biozentrale","4005009105554","2.49","400g (1 kg = 6,23 €)","Vegane Vielfalt","False","https://img.rewe-static.de/1153275/23478790_digital-image.png"
"Greenforce Vegane Mini-Frika 180g","GREENFORCE","4260322211348","2.99","180g (1 kg = 16,61 €)","Vegane Vielfalt","False","https://img.rewe-static.de/8678407/34780659_digital-image.png"
"Wrigley's Extra Professional Fresh Melon Mint 50 Dragees","Wrigley's Extra","4009900544412","2.95","50 Stück","Vegane Vielfalt","False","https://img.rewe-static.de/8971204/41006113_digital-image.png"
"Schlagfix Sprühfertig vegan 200ml","Schlagfix","4260024180270","2.19","200ml (1 l = 10,95 €)","Vegane Vielfalt","False","https://img.rewe-static.de/0138057/22339946_digital-image.png"
"Iglo Gemüse Ideen Italienisch 480g","Iglo","4250241201353","3.29","480g (1 kg = 6,85 €)","Vegane Vielfalt","False","https://img.rewe-static.de/0529482/2971930_digital-image.png"
"Fritt Mango vegan 56g","Fritt","4000607577901","0.89","56g (1 kg = 15,89 €)","Vegane Vielfalt","False","https://img.rewe-static.de/8711184/42569135_digital-image.png"
"REWE Bio + vegan Hummus Natur 200g","REWE Bio","4337256745185","1.49","200g (1 kg = 7,45 €)","Vegane Vielfalt","False","https://img.rewe-static.de/8774648/36959266_digital-image.png"
"Airwaves Menthol & Eukalyptus 12 Dragees","Airwaves","4009900520058","0.99","12 Stück","Vegane Vielfalt","False","https://img.rewe-static.de/7062020/27359643_digital-image.png"
"Kölln Flocken blütenzart 500g","Kölln","4000540000108","1.69","500g (1 kg = 3,38 €)","Vegane Vielfalt","False","https://img.rewe-static.de/0157910/30585580_digital-image.png"
"REWE Bio + vegan Kokos Natur 400g","REWE Bio","4337256136327","1.35","400g (1 kg = 3,38 €)","Vegane Vielfalt","False","https://img.rewe-static.de/7963454/32512228_digital-image.png"
"Tante Fanny Frische Flammkuchenböden 340g","Tante Fanny","9120003412332","2.89","340g (1 kg = 8,50 €)","Vegane Vielfalt","False","https://img.rewe-static.de/2499021/24499219_digital-image.png"
"Katjes Wunderland Sauer vegan 175g","Katjes","4037400344782","1.19","175g (1 kg = 6,80 €)","Vegane Vielfalt","False","https://img.rewe-static.de/8963836/40286257_digital-image.png"
"Knorr Bouillon Pur Gemüse Brühe 6x500ml","Knorr","8712566361458","2.79","3g (1 l = 0,93 €)","Vegane Vielfalt","False","https://img.rewe-static.de/1301619/16737430_digital-image.png"
"Hubba Bubba Strawberry 5 Stück","Hubba Bubba","40099132","0.85","5 Stück","Vegane Vielfalt","False","https://img.rewe-static.de/2485224/26280574_digital-image.png"
"Rügenwalder Mühle Schinken Spicker Salat Vegan 150g","Rügenwalder Mühle","4000405002704","1.99","150g (1 kg = 13,27 €)","Vegane Vielfalt","False","https://img.rewe-static.de/7808409/35463901_digital-image.png"
"Oatly Haferdrink Kakao vegan 1l","Oatly","7394376616136","2.19","1l","Vegane Vielfalt","False","https://img.rewe-static.de/7222002/27809108_digital-image.png"
"Rama Margarine Der Klassiker 400g","Rama","8719200233041","2.19","400g (1 kg = 5,48 €)","Vegane Vielfalt","False","https://img.rewe-static.de/8826343/36666364_digital-image.png"
"Rügenwalder Mühle Vegane Mühlen Frikadellen Minis 165g","Rügenwalder Mühle","4000405001684","2.49","165g (1 kg = 15,09 €)","Vegane Vielfalt","True","https://img.rewe-static.de/8878355/37866904_digital-image.png"
"REWE Bio + vegan Mandel Drink Natur 1l","REWE Bio","4337256573627","1.79","1l","Vegane Vielfalt","False","https://img.rewe-static.de/8090294/29688805_digital-image.png"
"Butcher's Burger Vegane Buns Brioche Style 4 Stück","Butcher's Burger","4337256577977","1.69","250g (1 kg = 6,76 €)","Vegane Vielfalt","False","https://img.rewe-static.de/8888961/39251810_digital-image.png"
"REWE Bio + vegan Sojacreme Cuisine 200ml","REWE Bio","4337256266383","0.89","200ml (1 l = 4,45 €)","Vegane Vielfalt","False","https://img.rewe-static.de/8041184/30966675_digital-image.png"
"Corny Haferkraft Cranberry Kürbiskern 4x35g","CORNY","4011800523312","1.79","4x35g (1 kg = 12,79 €)","Vegane Vielfalt","False","https://img.rewe-static.de/7036664/26683120_digital-image.png"
"Haribo Rainbow vegan 160g","Haribo","4001686120163","0.79","160g (1 kg = 4,94 €)","Vegane Vielfalt","True","https://img.rewe-static.de/7728790/36878560_digital-image.png"
"REWE Beste Wahl Hummus Pinienkerne vegan 200g","REWE Beste Wahl","4337256724012","1.69","200g (1 kg = 8,45 €)","Vegane Vielfalt","False","https://img.rewe-static.de/7636594/43235464_digital-image.png"
"Biozentrale Bio Erdnuss-Mus 250g","biozentrale","4005009104199","3.99","250ml (1 l = 15,96 €)","Vegane Vielfalt","False","https://img.rewe-static.de/1100140/23474023_digital-image.png"
"Oreo Cookies Original 154g","Oreo","7622300336738","1.79","154g (1 kg = 11,62 €)","Vegane Vielfalt","False","https://img.rewe-static.de/1123693/48550996_digital-image.png"
"Alpro Not Mlk Haferdrink 1,8% vegan 1l","Alpro","5411188135005","1.99","1l","Vegane Vielfalt","False","https://img.rewe-static.de/8597384/41571446_digital-image.png"
"REWE Beste Wahl Schnitzel vegan 400g","REWE Beste Wahl","4337256673273","3.39","400g (1 kg = 8,48 €)","Vegane Vielfalt","False","https://img.rewe-static.de/8961953/40761977_digital-image.png"
"REWE Beste Wahl Dino Nuggets vegan 250g","REWE Beste Wahl","4337256675000","2.19","250g (1 kg = 8,76 €)","Vegane Vielfalt","False","https://img.rewe-static.de/8969656/40979398_digital-image.png"
"REWE Beste Wahl Vegane Genuss Scheiben mild 150g","REWE Beste Wahl","21763847","1.19","150g (1 kg = 7,93 €)","Vegane Vielfalt","False","https://img.rewe-static.de/7886889/34546868_digital-image.png"
"Innocent Direktsaft Blaubeere, Apfel, Johannisbeere & Cranberry 900ml","Innocent","5038862439220","3.49","900ml (1 l = 3,88 €)","Vegane Vielfalt","False","https://img.rewe-static.de/8641847/34183236_digital-image.png"
"Greenforce Fertigmischung Vegane Frikadelle 75g","GREENFORCE","4260322212291","2.99","75g (1 kg = 39,87 €)","Vegane Vielfalt","False","https://img.rewe-static.de/7806289/35899897_digital-image.png"
"Hubba Bubba Bubble Tape Cola 180cm","Hubba Bubba","4009900476812","1.59","56g (1 kg = 28,39 €)","Vegane Vielfalt","False","https://img.rewe-static.de/1992750/22472184_digital-image.png"
"REWE Bio + vegan Streichcreme Paprika, Tomate, Zucchini & Aubergine 180g","REWE Bio","4337256373302","1.25","180g (1 kg = 6,94 €)","Vegane Vielfalt","False","https://img.rewe-static.de/2745086/27257771_digital-image.png"
"Leicht&Cross Knusperbrot Weizen 125g","Leicht & Cross","4008404001001","1.39","125g (1 kg = 11,12 €)","Vegane Vielfalt","False","https://img.rewe-static.de/0698458/3882670_digital-image.png"
"REWE Bio Aufstrich Mango-Papaya-Curry 180g","REWE Bio","4337256398817","1.25","180g (1 kg = 6,94 €)","Vegane Vielfalt","False","https://img.rewe-static.de/2745102/27258017_digital-image.png"
"REWE Beste Wahl Joghurtalternative Soja ohne Zucker 500g","REWE Beste Wahl","4337256794923","0.99","500g (1 kg = 1,98 €)","Vegane Vielfalt","False","https://img.rewe-static.de/8350350/30741608_digital-image.png"
"Iglo Green Cuisine Süßkartoffelstäbchen vegan 354g","Iglo","4250241209335","2.99","354g (1 kg = 8,45 €)","Vegane Vielfalt","False","https://img.rewe-static.de/7741114/37912546_digital-image.png"
"Alpro Mandel-Drink Geröstete Mandel Ohne Zucker vegan 1l","Alpro","5411188112709","2.49","1l","Vegane Vielfalt","False","https://img.rewe-static.de/2045445/39703605_digital-image.png"
"REWE Bio Hummus pikant vegan 200g","REWE Bio","4337256752718","1.49","200g (1 kg = 7,45 €)","Vegane Vielfalt","False","https://img.rewe-static.de/7741450/36959277_digital-image.png"
"Haribo Salzbrezeln vegan 175g","Haribo","4001686347621","0.79","175g (1 kg = 4,51 €)","Vegane Vielfalt","True","https://img.rewe-static.de/8975203/41239590_digital-image.png"
"Alpro Joghurtalternative Soja Heidelbeere 400g","Alpro","5411188137993","1.99","400g (1 kg = 4,98 €)","Vegane Vielfalt","False","https://img.rewe-static.de/7679422/39182733_digital-image.png"
"Berief Bio Tofu Natur 2x200g","Berief","4260095520104","3.29","2x200g (1 kg = 8,23 €)","Vegane Vielfalt","False","https://img.rewe-static.de/0354687/40362169_digital-image.png"
"REWE Bio Pesto Rosso 130g","REWE Bio","4337256480901","2.49","130g (1 kg = 19,15 €)","Vegane Vielfalt","False","https://img.rewe-static.de/8488972/33563242_digital-image.png"
"Harry Vital+Dinkel Vollkorn 300g","Harry","4071800054469","1.89","300g (1 kg = 6,30 €)","Vegane Vielfalt","False","https://img.rewe-static.de/8622882/33509192_digital-image.png"
"REWE Bio Naturland weißes Mandelmus vegan 250g","REWE Bio","4337256675598","6.99","250g (1 kg = 27,96 €)","Vegane Vielfalt","False","https://img.rewe-static.de/7660983/41339918_digital-image.png"
"Biozentrale Bio Brotaufstrich mediterran 125g","biozentrale","4005009101327","2.49","125g (1 kg = 19,92 €)","Vegane Vielfalt","False","https://img.rewe-static.de/1455316/23477453_digital-image.png"
"Berief Bio Hafer Drink Natur glutenfrei vegan 1l","Berief","4004790023795","1.99","1l","Vegane Vielfalt","False","https://img.rewe-static.de/8396771/30761800_digital-image.png"
"Knack & Back Croissants vegan 240g","Knack&Back","3392590205543","2.49","240g (1 kg = 10,38 €)","Vegane Vielfalt","False","https://img.rewe-static.de/8977214/40416378_digital-image.png"
"Wrigley's Extra Professional Fresh Strong Mint 50 Dragees","Wrigley's Extra","4009900544276","2.95","50 Stück","Vegane Vielfalt","False","https://img.rewe-static.de/7660902/40800604_digital-image.png"
"Tartex Bio Brotaufstrich Toskana 140g","Tartex","4005514051759","2.69","140g (1 kg = 19,21 €)","Vegane Vielfalt","False","https://img.rewe-static.de/3230661/39102838_digital-image.png"
"nimm2 Lolly 120g, 12 Stück","Nimm2","4014400930054","1.29","120g (1 kg = 10,75 €)","Vegane Vielfalt","False","https://img.rewe-static.de/8437087/31077191_digital-image.png"
"Knorr Bouillon Delikatess Brühe ergibt 16l","Knorr","8720182921222","3.49","16ml (1 l = 0,35 €)","Vegane Vielfalt","False","https://img.rewe-static.de/9924197/46936728_digital-image.png"
"REWE Bio + vegan Barista Hafer-Soja Drink 1l","REWE Bio","4337256580076","1.35","1l","Vegane Vielfalt","False","https://img.rewe-static.de/0585224/24930505_digital-image.png"
"Grafschafter Goldsaft Zuckerrübensirup 500g","Grafschafter","4000412010907","2.19","500g (1 kg = 4,38 €)","Vegane Vielfalt","False","https://img.rewe-static.de/6993257/7477770_digital-image.png"
"Katjes Peace & Love vegan 175g","Katjes","4037400344744","1.19","175g (1 kg = 6,80 €)","Vegane Vielfalt","False","https://img.rewe-static.de/7660208/40286124_digital-image.png"
"Zott Pure Joy Kirsche vegan 125g","Zott","4014500519067","0.99","125g (1 kg = 7,92 €)","Vegane Vielfalt","False","https://img.rewe-static.de/8771442/36270540_digital-image.png"
"Biozentrale Bio Tomatensauce Bolognese Vegan 350g","biozentrale","4005009100306","3.49","350g (1 kg = 9,97 €)","Vegane Vielfalt","False","https://img.rewe-static.de/0886616/23484394_digital-image.png"
"Leicht&Cross Knusperbrot Vollkorn 125g","Leicht & Cross","4001518104064","1.39","125g (1 kg = 11,12 €)","Vegane Vielfalt","False","https://img.rewe-static.de/0826936/13209560_digital-image.png"
"Nabio Bio Salted Caramel Erdnuss Aufstrich 175g","Nabio","4013182020892","2.99","175g (1 kg = 17,09 €)","Vegane Vielfalt","False","https://img.rewe-static.de/7734555/40800690_digital-image.png"
"Tartex Bio Brotaufstrich Spinat Pinienkerne 135g","Tartex","4005514040982","2.89","135g (1 kg = 21,41 €)","Vegane Vielfalt","False","https://img.rewe-static.de/3230629/39102776_digital-image.png"
"Tartex Bio Brotaufstrich Paprika Trio 135g","Tartex","4005514040968","2.89","135g (1 kg = 21,41 €)","Vegane Vielfalt","False","https://img.rewe-static.de/3230461/39102774_digital-image.png"
"Rama Pflanzencreme zum Braten Culinesse 500ml","Rama","8719200057074","2.19","500ml (1 l = 4,38 €)","Vegane Vielfalt","False","https://img.rewe-static.de/8177937/43446365_digital-image.png"
"Kölln Instant Haferflocken 250g","Kölln","4000540000405","1.89","250g (1 kg = 7,56 €)","Vegane Vielfalt","False","https://img.rewe-static.de/0157945/7457460_digital-image.png"
"REWE Bio Streichcreme Senf + Agave vegan 180g","REWE Bio","4337256779562","1.25","180g (1 kg = 6,94 €)","Vegane Vielfalt","False","https://img.rewe-static.de/9147180/43213312_digital-image.png"
"REWE Bio Kartoffelpuffer 600g, 10 Stück","REWE Bio","4337256385466","3.49","600g (1 kg = 5,82 €)","Vegane Vielfalt","False","https://img.rewe-static.de/8393848/31025411_digital-image.png"
"Gutfried Wie Lachsschinken Pfeffer Vegan 70g","Gutfried","4003171040925","1.99","70g (1 kg = 28,43 €)","Vegane Vielfalt","False","https://img.rewe-static.de/8998676/40922034_digital-image.png"
"Greenforce Fertigmischung Veganes Ei 100g","GREENFORCE","4260322211836","3.99","100g (1 kg = 39,90 €)","Vegane Vielfalt","False","https://img.rewe-static.de/8717223/35287177_digital-image.png"
"bedda Scheiben Classic vegan 150g","bedda","4056924000493","2.79","150g (1 kg = 18,60 €)","Vegane Vielfalt","False","https://img.rewe-static.de/2467494/24156203_digital-image.png"
"Dr. Oetker Creme Vega 150g","Dr. Oetker","4023600011371","1.39","150g (1 kg = 9,27 €)","Vegane Vielfalt","False","https://img.rewe-static.de/3105720/26236789_digital-image.png"
"Tartex Bio Feinkostsalat wie Geflügel vegan 165g","Tartex","4005514616408","3.49","165g (1 kg = 21,15 €)","Vegane Vielfalt","False","https://img.rewe-static.de/7658053/42725837_digital-image.png"
"Maggi Bio Gemüse Bouillon 5,5l","Maggi","40056531","1.99","5,50l (1 l = 0,36 €)","Vegane Vielfalt","False","https://img.rewe-static.de/7154963/27045586_digital-image.png"
"Rügenwalder Mühle Veganes Mühlen Hack 250g","Rügenwalder Mühle","4000405001585","3.29","250g (1 kg = 13,16 €)","Vegane Vielfalt","False","https://img.rewe-static.de/8401354/31071889_digital-image.png"
"Mondarella Soft Blanc Camembert-Style vegan 125g","Mondarella","4260710350444","2.99","125g (1 kg = 23,92 €)","Vegane Vielfalt","False","https://img.rewe-static.de/7730571/37459930_digital-image.png"
"REWE Bio + vegan Gemüseravioli 400g","REWE Bio","4337256393034","2.29","400g (1 kg = 5,73 €)","Vegane Vielfalt","False","https://img.rewe-static.de/8699735/35999938_digital-image.png"
"LikeMeat Like Grilled Chicken vegan 180g","LikeMeat","4260380665039","3.29","180g (1 kg = 18,28 €)","Vegane Vielfalt","False","https://img.rewe-static.de/8898335/38811025_digital-image.png"
"Lorenz Crunchips Salted 150g","Lorenz","4018077004285","1.99","150g (1 kg = 13,27 €)","Vegane Vielfalt","False","https://img.rewe-static.de/8838502/37357081_digital-image.png"
"Katjes Katzen Pfötchen vegan 175g","Katjes","4037400344850","1.19","175g (1 kg = 6,80 €)","Vegane Vielfalt","False","https://img.rewe-static.de/7663036/40286141_digital-image.png"
"Hitschies Fruchtgummi Bunte Drachenzungen sauer vegan 125g","Hitschler","4003840008843","1.39","125g (1 kg = 11,12 €)","Vegane Vielfalt","False","https://img.rewe-static.de/2359608/24045612_digital-image.png"
"Thomy Les Sauces Hollandaise Vegan 250ml","Thomy","42353430","1.49","250ml (1 l = 5,96 €)","Vegane Vielfalt","False","https://img.rewe-static.de/7181627/27593644_digital-image.png"
"Rügenwalder Mühle Salami vegan 80g","Rügenwalder Mühle","4000405002476","1.59","80g (1 kg = 19,88 €)","Vegane Vielfalt","False","https://img.rewe-static.de/7636517/41393245_digital-image.png"
"Simply V Pizzakäse-Ersatz gerieben 180g","Simply V","4260444962807","2.49","180g (1 kg = 13,83 €)","Vegane Vielfalt","False","https://img.rewe-static.de/9026471/41618012_digital-image.png"
"Alpro Soja-Drink Vanille vegan 1l","Alpro","5411188115533","2.49","1l","Vegane Vielfalt","False","https://img.rewe-static.de/2317816/30405994_digital-image.png"
"Alsan Bio-Margarine 250g","Alsan","4002724000775","1.75","250g (1 kg = 7 €)","Vegane Vielfalt","False","https://img.rewe-static.de/8882380/15157830_digital-image.png"
"Rügenwalder Mühle Vegane Pommersche Schnittlauch 125g","Rügenwalder Mühle","4000405002360","2.49","125g (1 kg = 19,92 €)","Vegane Vielfalt","False","https://img.rewe-static.de/9058350/40173354_digital-image.png"
"Alpro Soja-Kochcrème Cuisine Light vegan 250ml","Alpro","5411188121329","1.29","0,25l (1 l = 5,16 €)","Vegane Vielfalt","False","https://img.rewe-static.de/1000184/12197030_digital-image.png"
"REWE Beste Wahl Gyros vegan 300g","REWE Beste Wahl","4337256542159","2.29","300g (1 kg = 7,63 €)","Vegane Vielfalt","False","https://img.rewe-static.de/8767175/36319624_digital-image.png"
"Oreo Cookies Double Creme 157g","Oreo","7622210137258","1.79","157g (1 kg = 11,40 €)","Vegane Vielfalt","False","https://img.rewe-static.de/2361355/27662031_digital-image.png"
"Rügenwalder Mühle Vegane Mühlen Salami Klassisch 80g","Rügenwalder Mühle","4000405005316","1.59","80g (1 kg = 19,88 €)","Vegane Vielfalt","False","https://img.rewe-static.de/2873924/25310525_digital-image.png"
"REWE Bio + vegan Reis Drink Natur 1l","REWE Bio","4337256262552","1.49","1l","Vegane Vielfalt","False","https://img.rewe-static.de/2587749/24675474_digital-image.png"
"Cremissimo Eis Bourbon Vanille vegan 825ml","Cremissimo","8711327618671","3.99","825ml (1 l = 4,84 €)","Vegane Vielfalt","False","https://img.rewe-static.de/9048366/42584176_digital-image.png"
"Rügenwälder Mühle Vegane Pommersche fein 125g","Rügenwalder Mühle","4000405002353","2.49","125g (1 kg = 19,92 €)","Vegane Vielfalt","False","https://img.rewe-static.de/8971158/40169790_digital-image.png"
"Grafschafter Goldsaft Zuckerrübensirup 450g","Grafschafter","4000412010266","1.79","450g (1 kg = 3,98 €)","Vegane Vielfalt","False","https://img.rewe-static.de/0368458/2160200_digital-image.png"
"Simply V Streichzart Natur vegan 150g","Simply V","4002468180825","2.49","150g (1 kg = 16,60 €)","Vegane Vielfalt","False","https://img.rewe-static.de/2857321/43120622_digital-image.png"
"Leicht&Cross Knusperbrot Roggen 125g","Leicht & Cross","4008404001018","1.39","125g (1 kg = 11,12 €)","Vegane Vielfalt","False","https://img.rewe-static.de/0206768/23305915_digital-image.png"
"Original Wagner Rustipani Dunkles Ofenbrot Pilz-Trio vegan 185g","Original Wagner","7613287904898","2.19","185g (1 kg = 11,84 €)","Vegane Vielfalt","False","https://img.rewe-static.de/7841565/34938158_digital-image.png"
"Rügenwalder Mühle Veganes Mühlen Mett Fein 100g","Rügenwalder Mühle","4000405001714","1.89","100g (1 kg = 18,90 €)","Vegane Vielfalt","False","https://img.rewe-static.de/8771225/36084383_digital-image.png"
"vly Erbsen-Drink Barista 1l","vly","4280001939066","1.99","1l","Vegane Vielfalt","True","https://img.rewe-static.de/8002992/31354173_digital-image.png"
"REWE to go Salatschale Orzo vegan 310g","REWE to go","4337256765671","2.99","310g (1 kg = 9,65 €)","Vegane Vielfalt","False","https://img.rewe-static.de/7857797/34492785_digital-image.png"
"Tukan Bio Räuchertofu vegan 200g","Tukan","4012359711106","3.29","200g (1 kg = 16,45 €)","Vegane Vielfalt","False","https://img.rewe-static.de/3439790/33920350_digital-image.png"
"Rama Cremefine Kochcreme 15% Fett vegan 200ml","Rama","8719200207172","1.39","200ml (1 l = 6,95 €)","Vegane Vielfalt","False","https://img.rewe-static.de/8455146/39781021_digital-image.png"
"Alpro Kokosnuss-Drink Barista mit Soja vegan 1l","Alpro","5411188132998","2.49","1l","Vegane Vielfalt","False","https://img.rewe-static.de/8489592/41571669_digital-image.png"
"Tartex Bio scharfe Tomate Aufstrich 135g","Tartex","4005514067606","2.89","135g (1 kg = 21,41 €)","Vegane Vielfalt","False","https://img.rewe-static.de/7976249/46188941_digital-image.png"
"REWE Bio Kokos Reis Drink vegan 1l","REWE Bio","4337256788007","1.35","1l","Vegane Vielfalt","False","https://img.rewe-static.de/8778407/36959255_digital-image.png"
"REWE Bio + vegan Hafer Drink glutenfrei 1l","REWE Bio","4337256340137","1.49","1l","Vegane Vielfalt","False","https://img.rewe-static.de/8655182/34863381_digital-image.png"
"Tante Fanny Frischer Flammkuchenteig XXL 350g","Tante Fanny","9120003416217","2.29","350g (1 kg = 6,54 €)","Vegane Vielfalt","False","https://img.rewe-static.de/8573475/33053343_digital-image.png"
"Biozentrale BioKids Bio Tomatensauce 350g","biozentrale","4005009106742","2.99","350g (1 kg = 8,54 €)","Vegane Vielfalt","False","https://img.rewe-static.de/1099999/23484213_digital-image.png"
"Alpro Mandel-Drink Barista vegan 1l","Alpro","5411188129899","2.49","1l","Vegane Vielfalt","False","https://img.rewe-static.de/8489787/41571652_digital-image.png"
"Knorr Bio Gemüse Bouillon vegan für 5500ml","Knorr","8720182444905","1.89","5500ml (1 l = 0,34 €)","Vegane Vielfalt","False","https://img.rewe-static.de/8840146/37356907_digital-image.png"
"Berief Bio Soja Drink Naturell vegan 1l","Berief","4004790110303","1.29","1l","Vegane Vielfalt","False","https://img.rewe-static.de/7164869/28526431_digital-image.png"
"Katjes Salzige Heringe vegan 175g","Katjes","4037400344874","1.19","175g (1 kg = 6,80 €)","Vegane Vielfalt","False","https://img.rewe-static.de/8968441/40286250_digital-image.png"
"REWE Beste Wahl Mini Frikadellen vegan 200g","REWE Beste Wahl","4337256533300","1.99","200g (1 kg = 9,95 €)","Vegane Vielfalt","False","https://img.rewe-static.de/8854037/37921271_digital-image.png"
"Alpro Joghurtalternative Soja Himbeere Apfel Ohne Zuckerzusatz vegan 400g","Alpro","5411188128663","1.99","400g (1 kg = 4,98 €)","Vegane Vielfalt","False","https://img.rewe-static.de/8287637/42706842_digital-image.png"
"Hitschies Fruchtgummi Spinnenbeine sauer vegan 125g","Hitschler","4003840008317","1.39","125g (1 kg = 11,12 €)","Vegane Vielfalt","False","https://img.rewe-static.de/7194096/28656276_digital-image.png"
"REWE Beste Wahl Chili sin Carne vegan 400g","REWE Beste Wahl","4337256278058","1.89","400g (1 kg = 4,73 €)","Vegane Vielfalt","False","https://img.rewe-static.de/2261993/23310173_digital-image.png"
"Katjes Tappsy vegan 175g","Katjes","4037400344867","1.19","175g (1 kg = 6,80 €)","Vegane Vielfalt","False","https://img.rewe-static.de/8965606/40286384_digital-image.png"
"REWE Bio + vegan Salat-Mayo 250ml","REWE Bio","4337256266444","1.99","250ml (1 l = 7,96 €)","Vegane Vielfalt","False","https://img.rewe-static.de/2717529/25417415_digital-image.png"
"Violife Vioblock vegan 250g","Violife","8719200203440","1.99","250g (1 kg = 7,96 €)","Vegane Vielfalt","False","https://img.rewe-static.de/8582239/33008174_digital-image.png"
"Alpro Hafer-Drink Not Mlk Barista vegan 1l","Alpro","5411188140146","1.99","1l","Vegane Vielfalt","False","https://img.rewe-static.de/7576088/43644817_digital-image.png"
"REWE frei von Bio Zarte Haferflocken glutenfrei 500g","REWE frei von","4337256164825","2.49","500g (1 kg = 4,98 €)","Vegane Vielfalt","False","https://img.rewe-static.de/8041311/30734219_digital-image.png"
"Berief Bio Hafer-Soja-Drink Barista vegan 1l","Berief","4004790023764","1.99","1l","Vegane Vielfalt","False","https://img.rewe-static.de/8396964/30759074_digital-image.png"
"Biozentrale Bio Maiswaffeln 120g","biozentrale","4005009101839","1.69","120g (1 kg = 14,08 €)","Vegane Vielfalt","False","https://img.rewe-static.de/1051596/23476315_digital-image.png"
"LikeMeat Like Döner vegan 180g","LikeMeat","4260380665077","3.29","180g (1 kg = 18,28 €)","Vegane Vielfalt","False","https://img.rewe-static.de/8098384/38443402_digital-image.png"
"Petrella Frischcreme mit Schnittlauch vegan 125g","Petrella","4020300961180","1.99","125g (1 kg = 15,92 €)","Vegane Vielfalt","False","https://img.rewe-static.de/8960570/39295304_digital-image.png"
"Zott Pure Joy Pfirsich-Maracuja vegan 125g","Zott","4014500519050","0.99","125g (1 kg = 7,92 €)","Vegane Vielfalt","False","https://img.rewe-static.de/7783837/36270493_digital-image.png"
"Frisia Ufonauten 78g","NA","5411011400003","1.99","78g (1 kg = 25,51 €)","Vegane Vielfalt","False","https://img.rewe-static.de/8493461/31813108_digital-image.png"
"Airwaves Menthol & Eucalyptus Kaugummi 50 Dragees","Airwaves","4009900538718","2.95","50 Stück","Vegane Vielfalt","False","https://img.rewe-static.de/8694384/35690676_digital-image.png"
"Zott Pure Joy Erdbeere vegan 125g","Zott","4014500519043","0.99","125g (1 kg = 7,92 €)","Vegane Vielfalt","False","https://img.rewe-static.de/8776333/35983987_digital-image.png"
"Zott Pure Joy Mango vegan 125g","Zott","4014500519074","0.99","125g (1 kg = 7,92 €)","Vegane Vielfalt","False","https://img.rewe-static.de/8773644/35983998_digital-image.png"
"The Vegetarian Butcher Crispy Chickimicki Burger vegan 180g","The Vegetarian Butcher","8720182095206","3.19","180g (1 kg = 17,72 €)","Vegane Vielfalt","False","https://img.rewe-static.de/8635566/34397448_digital-image.png"
"Walter Popps Veganer Farmersalat 150g","Popp","4045800230482","1.99","150g (1 kg = 13,27 €)","Vegane Vielfalt","False","https://img.rewe-static.de/8688501/34969996_digital-image.png"
"Zott Pure Joy Choco Pudding vegan 150g","Zott","4014500520360","0.99","150g (1 kg = 6,60 €)","Vegane Vielfalt","False","https://img.rewe-static.de/8985956/41087146_digital-image.png"
"Koch's Sauce für Graved Lachs 140ml","Koch's","40594279","1.79","140ml (1 l = 12,79 €)","Vegane Vielfalt","False","https://img.rewe-static.de/4242947/2110970_digital-image.png"
"Lindt Excellence Schokolade Edelbitter kräftig 85% Cacao 100g","Lindt","3046920028363","3.99","100g (1 kg = 39,90 €)","Vegane Vielfalt","False","https://img.rewe-static.de/1988760/1177290_digital-image.png"
"REWE Beste Wahl Eis Bourbon Vanille vegan 500ml","REWE Beste Wahl","4337256548977","2.49","500ml (1 l = 4,98 €)","Vegane Vielfalt","False","https://img.rewe-static.de/7857695/34413173_digital-image.png"
"Berief Bio Barista ohne Zucker vegan 1l","Berief","4004790043281","1.99","1l","Vegane Vielfalt","False","https://img.rewe-static.de/9973935/44610932_digital-image.png"
"REWE Feine Welt Mandelcreme 200g","REWE Feine Welt","4337256422710","3.99","200g (1 kg = 19,95 €)","Vegane Vielfalt","False","https://img.rewe-static.de/2510435/24826566_digital-image.png"
"Küchle San-apart 125g","Küchle","40356709","1.19","125g (1 kg = 9,52 €)","Vegane Vielfalt","False","https://img.rewe-static.de/0160334/6789650_digital-image.png"
"Violife Creamy Supreme vegan 150g","Violife","5202390031519","2.49","150g (1 kg = 16,60 €)","Vegane Vielfalt","False","https://img.rewe-static.de/9985810/44772713_digital-image.png"
"Garden Gourmet Sensational Knusper-Filets Hähnchen-Art vegan 190g","Garden Gourmet","8445290384669","2.99","190g (1 kg = 15,74 €)","Vegane Vielfalt","False","https://img.rewe-static.de/8863624/37588145_digital-image.png"
"Milram Schmand-Alternative Vegan 200g","Milram","4036300225375","1.39","200g (1 kg = 6,95 €)","Vegane Vielfalt","False","https://img.rewe-static.de/9047491/42252938_digital-image.png"
"REWE Bio Mililk Hafer + Barista vegan 280g","REWE Bio","4337256754101","2.59","280g (1 kg = 9,25 €)","Vegane Vielfalt","False","https://img.rewe-static.de/9030546/42748511_digital-image.png"
"vly Haselnuss Shake vegan 400ml","vly","4280001939622","2.99","400ml (1 l = 7,48 €)","Vegane Vielfalt","False","https://img.rewe-static.de/7652152/38990287_digital-image.png"
"Veganz Bio Schokolade No Added Sugar Glutenfrei 80g","Veganz","4251725802516","2.79","80g","Vegane Vielfalt","False","https://img.rewe-static.de/7661828/43597504_digital-image.png"
"REWE Bio Edel-Bitter Schokolade 100g","REWE Bio","4337256032193","1.39","100g (1 kg = 13,90 €)","Vegane Vielfalt","False","https://img.rewe-static.de/8007642/31099227_digital-image.png"
"Langnese Dolomiti Eis 6x73ml","Langnese","8712100493355","2.49","438ml (1 l = 5,68 €)","Vegane Vielfalt","True","https://img.rewe-static.de/2104115/22065638_digital-image.png"
"REWE Bio + vegan Streichcreme Paprika, Kichererbse & Chili 180g","REWE Bio","4337256398732","1.25","180g (1 kg = 6,94 €)","Vegane Vielfalt","False","https://img.rewe-static.de/8215577/28936185_digital-image.png"
"Leicht&Cross Knusperbrot Vital 125g","Leicht & Cross","4001518006450","1.39","125g (1 kg = 11,12 €)","Vegane Vielfalt","False","https://img.rewe-static.de/3316335/23249631_digital-image.png"
"REWE Bio Creamy Erdnussbutter 250g","REWE Bio","4388844213098","1.99","250g (1 kg = 7,96 €)","Vegane Vielfalt","False","https://img.rewe-static.de/0946608/6439830_digital-image.png"
"Dr. Oetker Bistro Baguette Spicy BBQ vegan 250g","Dr. Oetker","4001724045588","2.29","250g (1 kg = 9,16 €)","Vegane Vielfalt","False","https://img.rewe-static.de/8947829/39943714_digital-image.png"
"Alpro Not Mlk Haferdrink 3,5% vegan 1l","Alpro","5411188134985","2.89","1l","Vegane Vielfalt","False","https://img.rewe-static.de/8597787/33002846_digital-image.png"
"REWE Bio Hafercookie 300g","REWE Bio","4337256447584","1.49","300g (1 kg = 4,97 €)","Vegane Vielfalt","False","https://img.rewe-static.de/7205443/27965299_digital-image.png"
"Alpro Skyr-Alternative Vanille vegan 400g","Alpro","5411188128601","1.99","400g (1 kg = 4,98 €)","Vegane Vielfalt","False","https://img.rewe-static.de/8089133/33917640_digital-image.png"
"Lorenz Crunchips Western Style 150g","Lorenz","4018077004117","1.99","150g (1 kg = 13,27 €)","Vegane Vielfalt","False","https://img.rewe-static.de/7743945/37357027_digital-image.png"
"Ritter Sport Roasted Peanut vegan 100g","Ritter Sport","4000417106100","2.69","100g (1 kg = 26,90 €)","Vegane Vielfalt","False","https://img.rewe-static.de/8859473/37707335_digital-image.png"
"REWE Bio Reinweinstein Backpulver vegan 4x16g","REWE Bio","4337256406024","0.85","4x16g (1 kg = 13,28 €)","Vegane Vielfalt","False","https://img.rewe-static.de/7823085/36139218_digital-image.png"
"Alpro Joghurtalternative Soja Natur vegan 400g","Alpro","5411188137979","1.99","400g (1 kg = 4,98 €)","Vegane Vielfalt","False","https://img.rewe-static.de/7681825/39314906_digital-image.png"
"REWE Beste Wahl Streichgenuss Tomate Basilikum vegan 150g","REWE Beste Wahl","4337256789998","1.29","150g (1 kg = 8,60 €)","Vegane Vielfalt","False","https://img.rewe-static.de/9154300/43484050_digital-image.png"
"Barilla Pesto Basilico Vegan 195g","Barilla","8076809572569","3.49","195g (1 kg = 17,90 €)","Vegane Vielfalt","False","https://img.rewe-static.de/3263361/26586190_digital-image.png"
"REWE Beste Wahl Kirsch Paprika mit cremiger Füllung vegan 150g","REWE Beste Wahl","4337256672184","2.29","150g (1 kg = 15,27 €)","Vegane Vielfalt","False","https://img.rewe-static.de/7829717/35778370_digital-image.png"
"Gutfried Wie Lachsschinken vegan 70g","Gutfried","4003171040918","1.99","70g (1 kg = 28,43 €)","Vegane Vielfalt","False","https://img.rewe-static.de/7640466/40922189_digital-image.png"
"vly Erbsen-Drink High Protein vegan 1l","vly","4280001939400","1.99","1l","Vegane Vielfalt","True","https://img.rewe-static.de/7701741/42684119_digital-image.png"
"Davert Bio Cornflakes 250g","Davert","4019339291016","2.79","250g (1 kg = 11,16 €)","Vegane Vielfalt","False","https://img.rewe-static.de/2389049/31209911_digital-image.png"
"Vantastic Yeast Flakes Hefeflocken vegan 200g","Vantastic Foods","4260661092356","3.79","200g","Vegane Vielfalt","False","https://img.rewe-static.de/9100649/43644776_digital-image.png"
"Harry Eiweiß Toastbrötchen 225g","Harry","4071800058269","1.79","225g (1 kg = 7,96 €)","Vegane Vielfalt","False","https://img.rewe-static.de/7657967/40416341_digital-image.png"
"Katjes Kinder vegan 175g","Katjes","4037400344843","1.19","175g (1 kg = 6,80 €)","Vegane Vielfalt","False","https://img.rewe-static.de/8966331/40264125_digital-image.png"
"Alpro Soja-Dessert Feine Vanille vegan 4x125g","Alpro","5411188128113","2.09","4x125g (1 kg = 4,18 €)","Vegane Vielfalt","False","https://img.rewe-static.de/9263616/22401406_digital-image.png"
"Alpro Soja-Dessert Schokolade Mildfein vegan 4x125g","Alpro","5411188128137","2.09","4x125g (1 kg = 4,18 €)","Vegane Vielfalt","False","https://img.rewe-static.de/9263837/2112690_digital-image.png"
"REWE frei von Bio Haferriegel Frucht glutenfrei 25g","REWE frei von","4337256396356","0.89","25g (1 kg = 35,60 €)","Vegane Vielfalt","False","https://img.rewe-static.de/8706578/36647164_digital-image.png"
"Peas of Heaven Perfekte Chorizo vegan 210g","NA","7350037194818","3.29","210g (1 kg = 15,67 €)","Vegane Vielfalt","False","https://img.rewe-static.de/8782828/36530581_digital-image.png"
"REWE Bio + vegan Schweizer Nougat & Crisp 100g","REWE Bio","4337256471787","1.99","100g (1 kg = 19,90 €)","Vegane Vielfalt","False","https://img.rewe-static.de/8595387/33525209_digital-image.png"
"REWE Bio + vegan Falafelbällchen 200g","REWE Bio","4337256857086","2.49","200g (1 kg = 12,45 €)","Vegane Vielfalt","False","https://img.rewe-static.de/8324188/29996038_digital-image.png"
"Alsan-S Reform-Margarine 250g","Alsan","4002724000997","1.29","250g (1 kg = 5,16 €)","Vegane Vielfalt","False","https://img.rewe-static.de/5727928/2446870_digital-image.png"
"Nutella plant based 350g","Nutella","8000500426494","3.99","350g (1 kg = 11,40 €)","Vegane Vielfalt","False","https://img.rewe-static.de/9946679/45299013_digital-image.png"
"Oatly Haferdrink Vanille vegan 1l","Oatly","7394376619267","2.19","1l","Vegane Vielfalt","False","https://img.rewe-static.de/7864118/33955887_digital-image.png"
"REWE Bio Braunes Mandelmus vegan 250g","REWE Bio","4337256930321","5.79","250g (1 kg = 23,16 €)","Vegane Vielfalt","False","https://img.rewe-static.de/9057280/40979412_digital-image.png"
"REWE Bio + vegan Soja Natur 500g","REWE Bio","4337256871631","1.39","500g (1 kg = 2,78 €)","Vegane Vielfalt","False","https://img.rewe-static.de/7147843/27961327_digital-image.png"
"Rügenwalder Mühle Veganer Mühlen Aufschnitt Paprika Typ Hähnchen 70g","Rügenwalder Mühle","4000405003398","1.59","70g (1 kg = 22,71 €)","Vegane Vielfalt","False","https://img.rewe-static.de/8168290/47169886_digital-image.png"
"Oatly Haferdrink Hafer Deluxe gekühlt vegan 1l","Oatly","7394376665103","2.19","1l","Vegane Vielfalt","False","https://img.rewe-static.de/8013720/30511388_digital-image.png"
"Noa Brotaufstrich Linse Curry 175g","NOA","4058094310013","1.79","175g (1 kg = 10,23 €)","Vegane Vielfalt","True","https://img.rewe-static.de/2871255/25476445_digital-image.png"
"Oatly Aufstrich Natur 150g","Oatly","7394376617034","1.99","150g (1 kg = 13,27 €)","Vegane Vielfalt","False","https://img.rewe-static.de/8401689/30646087_digital-image.png"
"Oatly Haferdrink Barista Edition vegan 0,5l","Oatly","7394376617904","1.69","500ml (1 l = 3,38 €)","Vegane Vielfalt","False","https://img.rewe-static.de/8453898/31308474_digital-image.png"
"Rügenwalder Mühle Veganer Mühlen Aufschnitt Gartenkräuter-Typ Hähnchen 70g","Rügenwalder Mühle","4000405003404","1.59","70g (1 kg = 22,71 €)","Vegane Vielfalt","False","https://img.rewe-static.de/8166949/46815351_digital-image.png"
"Innocent Direktsaft Orange mit Fruchtfleisch 1350ml","Innocent","5038862430326","4.49","1350ml (1 l = 3,33 €)","Vegane Vielfalt","False","https://img.rewe-static.de/8694380/33646566_digital-image.png"
"Lindt Excellence Schokolade Edelbitter mild 70% Cacao 100g","Lindt","4000539003509","3.99","100g (1 kg = 39,90 €)","Vegane Vielfalt","False","https://img.rewe-static.de/0437435/1736570_digital-image.png"
"REWE Beste Wahl Orange-Mango-Ananas 1l","REWE Beste Wahl","4388860461558","2.39","1l","Vegane Vielfalt","False","https://img.rewe-static.de/1389554/22606810_digital-image.png"
"Haribo Pasta Frutta vegan 160g","Haribo","4001686009420","0.79","160g (1 kg = 4,94 €)","Vegane Vielfalt","True","https://img.rewe-static.de/9907780/47788861_digital-image.png"
"Oatly! Haferdrink Barista Edition Lighter Taste 1l","Oatly","7394376621703","2.55","1l","Vegane Vielfalt","False","https://img.rewe-static.de/9971910/44382001_digital-image.png"
"Hitschies Saure Drachenzungen vegan 125g","hitschies","4003840008751","1.39","125g (1 kg = 11,12 €)","Vegane Vielfalt","False","https://img.rewe-static.de/8605499/34350786_digital-image.png"
"REWE Bio Kichererbsen-Kokos-Eintopf 400ml","REWE Bio","4337256356657","2.29","400ml (1 l = 5,73 €)","Vegane Vielfalt","False","https://img.rewe-static.de/3235642/26894379_digital-image.png"
"Innocent Direktsaft Orange mit Fruchtfleisch 900ml","Innocent","5038862430135","3.49","900ml (1 l = 3,88 €)","Vegane Vielfalt","False","https://img.rewe-static.de/8638791/34330600_digital-image.png"
"Lindt Excellence Schokolade Edelbitter mild 85% Cacao 100g","Lindt","3046920029681","3.99","100g (1 kg = 39,90 €)","Vegane Vielfalt","False","https://img.rewe-static.de/0997154/15243590_digital-image.png"
"Rügenwalder Mühle Veganes Mühlen Geschnetzeltes Hähnchen 180g","Rügenwalder Mühle","4000405001783","3.29","180g (1 kg = 18,28 €)","Vegane Vielfalt","False","https://img.rewe-static.de/7592214/43025858_digital-image.png"
"Wrigley's Extra Professional White 50 Dragees","Wrigley's Extra","4009900543989","3.45","50 Stück","Vegane Vielfalt","False","https://img.rewe-static.de/8968031/40803447_digital-image.png"
"REWE Bio + vegan Soja Schnetzel 150g","REWE Bio","4337256732796","1.85","150g (1 kg = 12,33 €)","Vegane Vielfalt","False","https://img.rewe-static.de/7794856/36534079_digital-image.png"
"REWE Beste Wahl Vegane Fischstäbchen 450g","REWE Beste Wahl","4337256622899","3.49","450g (1 kg = 7,76 €)","Vegane Vielfalt","False","https://img.rewe-static.de/7887196/34696411_digital-image.png"
"Alpro Soja-Drink Protein vegan 1l","Alpro","5411188130031","2.49","1l","Vegane Vielfalt","False","https://img.rewe-static.de/8383461/30944116_digital-image.png"
"Iglo Veggie Love Zucchini Bulgur vegan 400g","Iglo","4250241207775","3.49","400g (1 kg = 8,73 €)","Vegane Vielfalt","False","https://img.rewe-static.de/8224091/28374804_digital-image.png"
"Tartex Bio Veganes Schmalz Zwiebel und Apfel 125g","Tartex","4005514044485","2.89","125g (1 kg = 23,12 €)","Vegane Vielfalt","False","https://img.rewe-static.de/7703629/39312601_digital-image.png"
"Kölln Bio Haferflocken kernig 500g","Kölln","4000540000658","2.29","500g (1 kg = 4,58 €)","Vegane Vielfalt","False","https://img.rewe-static.de/8022776/31508550_digital-image.png"
"REWE Beste Wahl Hauchzarter Aufschnitt Typ Hähnchen Klassik vegan 100g","REWE Beste Wahl","4337256906845","1.29","100g (1 kg = 12,90 €)","Vegane Vielfalt","False","https://img.rewe-static.de/9943669/47482239_digital-image.png"
"REWE Beste Wahl Aufstrich Typ Leberwurst fein vegan 125g","REWE Beste Wahl","4337256765039","1.49","125g (1 kg = 11,92 €)","Vegane Vielfalt","False","https://img.rewe-static.de/9059381/43484055_digital-image.png"
"Wrigley's Extra Professional Fresh Spearmint 50 Dragees","Wrigley's Extra","4009900544245","2.95","50 Stück","Vegane Vielfalt","False","https://img.rewe-static.de/7660396/40800606_digital-image.png"
"REWE Bio Gemüse-Hafer-Bällchen vegan 200g","REWE Bio","4337256847087","2.49","200g (1 kg = 12,45 €)","Vegane Vielfalt","False","https://img.rewe-static.de/9206420/44069936_digital-image.png"
"Bonduelle Bio Kichererbsen 265g","Bonduelle","3083681052848","2.29","265g (1 kg = 8,64 €)","Vegane Vielfalt","False","https://img.rewe-static.de/3068492/26172370_digital-image.png"
"REWE Bio + vegan Remoulade 250g","REWE Bio","4337256258647","1.99","250ml (1 l = 7,96 €)","Vegane Vielfalt","False","https://img.rewe-static.de/7981357/31905012_digital-image.png"
"Garden Gourmet Sensational Burger vegan 226g","Garden Gourmet","7613036915076","3.19","226g (1 kg = 14,12 €)","Vegane Vielfalt","False","https://img.rewe-static.de/8305884/31274511_digital-image.png"
"Omami Kichererbsen Sweet Chili Tofu 200g","Omami","4262451180069","2.99","200g (1 kg = 14,95 €)","Vegane Vielfalt","False","https://img.rewe-static.de/9083319/43254524_digital-image.png"
"Veganer Mühlen Snack Paulled Pork 3x40g","Rügenwalder Mühle","4000405002285","2.99","120g","Vegane Vielfalt","False","https://img.rewe-static.de/9989564/45346451_digital-image.png"
"Corny Haferkraft Haselnuss Kakao vegan 4x35g","CORNY","4011800524814","1.79","4x35g (1 kg = 12,79 €)","Vegane Vielfalt","False","https://img.rewe-static.de/9091382/43440192_digital-image.png"
"Innocent Plus Saft Citrus Shield 0,75l","Innocent","5038862438247","3.49","750ml (1 l = 4,65 €)","Vegane Vielfalt","False","https://img.rewe-static.de/7870864/34183478_digital-image.png"
"Airwaves Cool Cassis Kaugummi 3x10 Dragees","Airwaves","4009900376600","1.89","NA","Vegane Vielfalt","False","https://img.rewe-static.de/0881171/20653946_digital-image.png"
"Fairtrade Original Thailändisches Gelbes Curry 70g","Fairtrade Original","8711741356074","2.29","70g (1 kg = 32,71 €)","Vegane Vielfalt","False","https://img.rewe-static.de/3380710/31502315_digital-image.png"
"REWE Beste Wahl Auschnitt Grillgemüse vegan 100g","REWE Beste Wahl","4337256933971","1.05","100g (1 kg = 10,50 €)","Vegane Vielfalt","False","https://img.rewe-static.de/9910742/47903341_digital-image.png"
"Müller Schoko Mousse vegan 2x70g","Müller","4025500275211","1.89","2x70g (1 kg = 13,50 €)","Vegane Vielfalt","False","https://img.rewe-static.de/8894880/36859550_digital-image.png"
"Vantastic foods Soja-Granulat vegan 300g","Vantastic Foods","4260661092165","2.79","300g (1 kg = 9,30 €)","Vegane Vielfalt","False","https://img.rewe-static.de/3436747/28527597_digital-image.png"
"Ben & Jerry's Eis Cookies on Cookie Dough Vegan 465ml","Ben & Jerry's","8711327626386","3.99","465ml (1 l = 8,58 €)","Vegane Vielfalt","True","https://img.rewe-static.de/9049872/44291198_digital-image.png"
"Sojola Streichfett 70% 500g","Sojola","4039400221629","2.19","500g (1 kg = 4,38 €)","Vegane Vielfalt","False","https://img.rewe-static.de/7391811/1027130_digital-image.png"
"Violife Cheddar Geschmack Scheiben 140g","Violife","5202390030888","2.49","140g (1 kg = 17,79 €)","Vegane Vielfalt","False","https://img.rewe-static.de/3020757/31677808_digital-image.png"
"Eleplant Streichfett vegan 200g","NA","4026400200990","1.99","200g (1 kg = 9,95 €)","Vegane Vielfalt","False","https://img.rewe-static.de/7632817/41413137_digital-image.png"
"Billie Green Vegane Mortadella Kirschpaprika 92g","Billie Green","4099498000353","1.59","92g (1 kg = 17,28 €)","Vegane Vielfalt","False","https://img.rewe-static.de/9926199/46146417_digital-image.png"
"REWE Beste Wahl Aufschnitt Typ Lyoner vegan 100g","REWE Beste Wahl","4337256927550","1.05","100g (1 kg = 10,50 €)","Vegane Vielfalt","False","https://img.rewe-static.de/9912133/47903347_digital-image.png"
"Biozentrale Bio Soja-Granulat 250g","biozentrale","4005009103925","2.99","250g (1 kg = 11,96 €)","Vegane Vielfalt","False","https://img.rewe-static.de/2045812/23484109_digital-image.png"
"Feine Küche Jürgen Langbein Bio Gemüse-Fond 400ml","Jürgen Langbein","4007680106721","3.29","400ml (1 l = 8,23 €)","Vegane Vielfalt","False","https://img.rewe-static.de/2308757/26433880_digital-image.png"
"Planted. Steak vegan 140g","planted.","7630294502008","3.99","140g (1 kg = 28,50 €)","Vegane Vielfalt","False","https://img.rewe-static.de/9081298/43038383_digital-image.png"
"Rügenwalder Mühle Vegane Abenteuer Nuggets 180g","Rügenwalder Mühle","4000405002810","3.29","180g (1 kg = 18,28 €)","Vegane Vielfalt","False","https://img.rewe-static.de/9115636/43965098_digital-image.png"
"Lindt Excellence Schokolade Edelbitter intensiv 70% Cacao 100g","Lindt","3046920022132","3.99","100g (1 kg = 39,90 €)","Vegane Vielfalt","False","https://img.rewe-static.de/7578225/44838251_digital-image.png"
"Coppenrath & Wiese Carrot Cake vegan 395g","Conditorei Coppenrath & Wiese","4008577020830","4.99","395g (1 kg = 12,63 €)","Vegane Vielfalt","False","https://img.rewe-static.de/8986433/41087111_digital-image.png"
"SoFine Brokkoli Burger vegan 170g","SoFine","8718885890846","2.79","170g (1 kg = 16,41 €)","Vegane Vielfalt","False","https://img.rewe-static.de/8330439/30519761_digital-image.png"
"Cremissimo Eis Schokolade Haselnuss vegan 825ml","Cremissimo","8711327629578","3.99","825ml (1 l = 4,84 €)","Vegane Vielfalt","False","https://img.rewe-static.de/9062095/42760481_digital-image.png"
"Veganz Gummibärchen vegan 100g","Veganz","4260402484327","1.29","100g (1 kg = 12,90 €)","Vegane Vielfalt","False","https://img.rewe-static.de/7135298/27446032_digital-image.png"
"3Bears Granola Hafer-Crunch 325g","3Bears","4260462985901","4.99","325g (1 kg = 15,35 €)","Vegane Vielfalt","False","https://img.rewe-static.de/9028186/41567729_digital-image.png"
"Biozentrale Bio Tahin Sesammus 250g","biozentrale","4005009102720","4.19","250g (1 kg = 16,76 €)","Vegane Vielfalt","False","https://img.rewe-static.de/2823723/28301018_digital-image.png"
"Mondarella Pastasan Hartkäse-Style vegan 80g","Mondarella","4260710350383","2.89","80g (1 kg = 36,13 €)","Vegane Vielfalt","False","https://img.rewe-static.de/7573996/43963621_digital-image.png"
"REWE Beste Wahl Lyoner Paprika vegan 100g","REWE Beste Wahl","4337256941914","1.05","100g (1 kg = 10,50 €)","Vegane Vielfalt","False","https://img.rewe-static.de/9901840/47903353_digital-image.png"
"Wrigley's Extra Professional Fresh Erdbeere 50 Dragees","Wrigley's Extra","4009900544467","2.95","50 Stück","Vegane Vielfalt","False","https://img.rewe-static.de/8970393/41006111_digital-image.png"
"Schär Kaiserbrötchen glutenfrei 240g","Schär","8008698038543","3.19","240g (1 kg = 13,29 €)","Vegane Vielfalt","False","https://img.rewe-static.de/8888546/38336117_digital-image.png"
"SOTO Bio Mini Frühlingsrollen China Style vegan 200g","SOTO","4026584132209","2.99","4x200g (1 kg = 14,95 €)","Vegane Vielfalt","False","https://img.rewe-static.de/0066897/39738306_digital-image.png"
"endori vegane Chicken Sticks Cheese Style 180g","endori","4251349108322","2.99","180g (1 kg = 16,61 €)","Vegane Vielfalt","False","https://img.rewe-static.de/9893765/47792518_digital-image.png"
"Biozentrale BioKids Bio Linsen-Bolognese vegan 350g","biozentrale","4005009102881","3.49","350g (1 kg = 9,97 €)","Vegane Vielfalt","False","https://img.rewe-static.de/7573982/43765891_digital-image.png"
"Davert Bio Braune Leinsaat geschrotet 200g","Davert","4019339413050","1.99","200g (1 kg = 9,95 €)","Vegane Vielfalt","False","https://img.rewe-static.de/8760632/24762502_digital-image.png"
"Mövenpick Eis Passionfruit Coconut vegan 800ml","Mövenpick","4008211005209","3.99","800ml (1 l = 4,99 €)","Vegane Vielfalt","False","https://img.rewe-static.de/9046239/42406170_digital-image.png"
"Vantastic Bio Tofu natur 200g","NA","4260661092363","2.69","200g (1 kg = 13,45 €)","Vegane Vielfalt","False","https://img.rewe-static.de/9910631/48117154_digital-image.png"
"Bauckhof Bio Dinkel Müzli Beeren 425g","Bauckhof","4015637822310","3.99","425g (1 kg = 9,39 €)","Vegane Vielfalt","False","https://img.rewe-static.de/0093249/23322828_digital-image.png"
"Airwaves Strong 50 Dragees","Airwaves","4009900537667","2.95","50 Stück","Vegane Vielfalt","False","https://img.rewe-static.de/8850705/40798308_digital-image.png"
"Patros Natur pflanzlich 150g","Patros","4002468223454","2.99","150g (1 kg = 19,93 €)","Vegane Vielfalt","False","https://img.rewe-static.de/9940564/46080207_digital-image.png"
"REWE Beste Wahl Eis Choco Cookie Dough vegan 500ml","REWE Beste Wahl","4337256545556","2.49","500ml (1 l = 4,98 €)","Vegane Vielfalt","False","https://img.rewe-static.de/8476825/32205959_digital-image.png"
"REWE Bio + vegan Geliermittel 3x6g","REWE Bio","4337256703147","1.49","3x6g","Vegane Vielfalt","False","https://img.rewe-static.de/9076290/42147273_digital-image.png"
"Biozentrale Bio Haferkleie 500g","biozentrale","4005009104687","2.99","500g (1 kg = 5,98 €)","Vegane Vielfalt","False","https://img.rewe-static.de/2045810/23476463_digital-image.png"
"Alpro Sojadessertsoße Vanille 525g","Alpro","5411188128977","1.99","525g","Vegane Vielfalt","False","https://img.rewe-static.de/8755548/44364076_digital-image.png"
"Bauckhof Bio Haferkleie 300g","Bauckhof","4015637007274","2.69","300g (1 kg = 8,97 €)","Vegane Vielfalt","False","https://img.rewe-static.de/7895741/33124485_digital-image.png"
"Airwaves Cool Cassis Kaugummi 12 Dragees","Airwaves","4009900519960","0.99","12 Stück","Vegane Vielfalt","False","https://img.rewe-static.de/7057039/27990282_digital-image.png"
"Kuhbonbon Caramel vegan 165g","Savitor","4028452261110","2.99","165g (1 kg = 18,12 €)","Vegane Vielfalt","False","https://img.rewe-static.de/7097226/27194344_digital-image.png"
"REWE Beste Wahl Veganes Hack gegart 200g","REWE Beste Wahl","4337256906272","2.29","200g (1 kg = 11,45 €)","Vegane Vielfalt","False","https://img.rewe-static.de/9938340/47338310_digital-image.png"
"Garden Gourmet Vegane Falafel Klassik 190g","Garden Gourmet","7290013998088","2.99","190g (1 kg = 15,74 €)","Vegane Vielfalt","False","https://img.rewe-static.de/0987462/22823999_digital-image.png"
"Kölln Früchte Hafer-Müsli Ohne Zuckerzusatz 1,7kg","Kölln","4000540001334","9.99","1700g (1 kg = 5,88 €)","Vegane Vielfalt","False","https://img.rewe-static.de/2065295/34791114_digital-image.png"
"Mälzer & Fu Vanilla-Cola Float 500ml","NA","4260158881388","5.99","500ml (1 l = 11,98 €)","Vegane Vielfalt","False","https://img.rewe-static.de/9055382/42460426_digital-image.png"
"Zum Dorfkrug Pflaumengrütze vegan 360g","Zum Dorfkrug","4260054650477","2.49","360g (1 kg = 6,92 €)","Vegane Vielfalt","False","https://img.rewe-static.de/7954265/33292058_digital-image.png"
"Wrigley's Extra Professional White 10 Dragees","Wrigley's Extra","40099415","1.19","10 Stück","Vegane Vielfalt","False","https://img.rewe-static.de/8970497/40804495_digital-image.png"
"endori Vegane Chicken Nuggets 400g","endori","4251349107318","4.99","400g (1 kg = 12,48 €)","Vegane Vielfalt","False","https://img.rewe-static.de/9059589/44320359_digital-image.png"
"Airwaves Lime & Ginger 12 Dragees","Airwaves","4008429162459","0.99","12 Stück","Vegane Vielfalt","False","https://img.rewe-static.de/7670323/40798671_digital-image.png"
"Seeberger Crunchy Fava Snack gesalzen vegan 125g","Seeberger","4008258460009","2.69","125g (1 kg = 21,52 €)","Vegane Vielfalt","False","https://img.rewe-static.de/8888910/37356622_digital-image.png"
"Veganz Bio Protein Choc Bar vegan 50g","Veganz","4251725800666","1.99","50g (1 kg = 39,80 €)","Vegane Vielfalt","False","https://img.rewe-static.de/8182629/28766746_digital-image.png"
"Veganz Muffins Chocolate Chip vegan 150g","Veganz","4260402485744","1.99","150g (1 kg = 13,27 €)","Vegane Vielfalt","False","https://img.rewe-static.de/8296629/29274340_digital-image.png"
"Followfood Bio Bolognese Sauce vegan 350g","Followfood","4250073460423","2.99","350g","Vegane Vielfalt","False","https://img.rewe-static.de/7613527/43617194_digital-image.png"
"Hak Kichererbsen 215g","HAK","8720600614385","1.79","215g (1 kg = 8,33 €)","Vegane Vielfalt","False","https://img.rewe-static.de/7064965/26877518_digital-image.png"
"Hubba Bubba Bubble Tape Triple-Mix 180cm","Hubba Bubba","4009900406918","1.59","56g (1 kg = 28,39 €)","Vegane Vielfalt","False","https://img.rewe-static.de/0022082/8133590_digital-image.png"
"Hak Kichererbsen 200g","HAK","8720600613746","2.19","200g (1 kg = 10,95 €)","Vegane Vielfalt","False","https://img.rewe-static.de/7065054/27971949_digital-image.png"
"The Vegan Cow Bio Joghurtalternative Hafer Natur ungesüßt vegan 150g","NA","4260289420418","1.59","150g (1 kg = 10,60 €)","Vegane Vielfalt","False","https://img.rewe-static.de/8402377/30639623_digital-image.png"
"Vanozza Mozzarella Geschmack vegan 160g","NA","4170000102366","2.99","160g (1 kg = 18,69 €)","Vegane Vielfalt","False","https://img.rewe-static.de/7660548/41810402_digital-image.png"
"Wrigley's Extra Mints Professional Waldfrucht 70 Pastillen","Wrigley's Extra","4009900447249","2.29","70 Stück","Vegane Vielfalt","False","https://img.rewe-static.de/0697654/20689031_digital-image.png"
"Airwaves Strong 12 Dragees","Airwaves","4009900519939","0.99","12 Stück","Vegane Vielfalt","False","https://img.rewe-static.de/7057181/27359665_digital-image.png"
"Biozentrale Bio Hofliebe Haferflocken Kleinblatt 400g","biozentrale","4005009108159","1.99","400g (1 kg = 4,98 €)","Vegane Vielfalt","False","https://img.rewe-static.de/2665233/26497430_digital-image.png"
"Tartex Bio Feinkostsalat wie Hering vegan 165g","Tartex","4005514612905","3.49","165g (1 kg = 21,15 €)","Vegane Vielfalt","False","https://img.rewe-static.de/8974595/42725842_digital-image.png"
"Vantastic Foods Bio Pancakes 180g","Vantastic Foods","4260430655768","1.89","180g (1 kg = 10,50 €)","Vegane Vielfalt","False","https://img.rewe-static.de/8081637/32734110_digital-image.png"
"Vantastic foods Soja Medaillons vegan 200g","Vantastic Foods","4260661092172","2.29","200g (1 kg = 11,45 €)","Vegane Vielfalt","False","https://img.rewe-static.de/3436742/28527767_digital-image.png"
"Biozentrale Bio Falafel 200g","biozentrale","4005009102034","2.99","200g (1 kg = 14,95 €)","Vegane Vielfalt","False","https://img.rewe-static.de/2225659/24220488_digital-image.png"
"Hubba Bubba Bubble Tape Fancy Fruit 180cm","Hubba Bubba","4009900379564","1.59","56g (1 kg = 28,39 €)","Vegane Vielfalt","False","https://img.rewe-static.de/2641020/1579070_digital-image.png"
"Lazy Vegan Korean Noodles 450g","NA","8719747260517","4.99","450g (1 kg = 11,09 €)","Vegane Vielfalt","False","https://img.rewe-static.de/9067476/44320843_digital-image.png"
"Vanozza No Sheep Greek vegan 150g","NA","4270004203530","2.99","150g (1 kg = 19,93 €)","Vegane Vielfalt","False","https://img.rewe-static.de/9970131/45924920_digital-image.png"
"Biozentrale Bio Haferflocken großblatt 400g","biozentrale","4005009108166","1.99","400g (1 kg = 4,98 €)","Vegane Vielfalt","False","https://img.rewe-static.de/2700570/28857086_digital-image.png"
"Fritt vegan Erdbeer & Himbeer 56g","Fritt","4000607578106","0.89","56g (1 kg = 15,89 €)","Vegane Vielfalt","False","https://img.rewe-static.de/7823792/36083712_digital-image.png"
"Nabio Bio Aufstrich wie Thunfischcreme vegan 135g","Nabio","4013182024685","2.59","135g","Vegane Vielfalt","False","https://img.rewe-static.de/9964253/46913740_digital-image.png"
"Greenforce Fertigmischung Veganer Burger 75g","GREENFORCE","4260322212284","2.99","75g (1 kg = 39,87 €)","Vegane Vielfalt","False","https://img.rewe-static.de/8741315/35899936_digital-image.png"
"Rettergut Bio-Aufstrich Tomaten & Kräuter vegan 135g","Rettergut","4260655550220","2.59","135g (1 kg = 19,19 €)","Vegane Vielfalt","False","https://img.rewe-static.de/8010524/35802770_digital-image.png"
"biozentrale Bio Wie Chicken Tikkala Masala vegan 350g","biozentrale","4005009102478","3.99","350g (1 kg = 11,40 €)","Vegane Vielfalt","False","https://img.rewe-static.de/8836463/39641495_digital-image.png"
"Block House Vegane Pfanne Chicken Style Teriyaki 455g","Block House","4009286154717","6.49","455g (1 kg = 14,26 €)","Vegane Vielfalt","False","https://img.rewe-static.de/9063827/43399405_digital-image.png"
"Fritt vegan Apfel Johannisbeere 56g","Fritt","4000607578205","0.89","56g (1 kg = 15,89 €)","Vegane Vielfalt","False","https://img.rewe-static.de/8712798/43163951_digital-image.png"
"Knabber Esspapier Knabber Cash vegan 20g","NA","4035600927279","1.99","20g (1 kg = 99,50 €)","Vegane Vielfalt","False","https://img.rewe-static.de/8827297/41017469_digital-image.png"
"Küchle Bio Backoblaten vegan 36g","Küchle","4035600926883","1.19","36g (1 kg = 33,06 €)","Vegane Vielfalt","False","https://img.rewe-static.de/8821725/37018620_digital-image.png"
"Küchle Bio Eckige Back Oblaten vegan 40g","Küchle","4035600926920","1.19","40g","Vegane Vielfalt","False","https://img.rewe-static.de/8821936/37018652_digital-image.png"
"Vantastic foods Bio Riegel Almond vegan 40g","Vantastic Foods","4260661092189","1.79","40g (1 kg = 44,75 €)","Vegane Vielfalt","False","https://img.rewe-static.de/3231248/28596754_digital-image.png"
"Veggy Friends Bio Vegane Teewurst 120ml","Veggy Friends","4260177113989","2.79","120ml (1 l = 23,25 €)","Vegane Vielfalt","False","https://img.rewe-static.de/2773174/27445997_digital-image.png"
"Wheaty Bio Virginia Steak vegan","NA","4032277005279","3.79","175g (1 kg = 21,66 €)","Vegane Vielfalt","False","https://img.rewe-static.de/1459381/22356986_digital-image.png"
"Wrigley's Extra White Bubblemint 10 Stück","Wrigley's Extra","40099354","1.19","10 Stück","Vegane Vielfalt","False","https://img.rewe-static.de/8968783/40804752_digital-image.png"
"bedda Scheiben Pfeffer vegan 150g","bedda","4056924002220","2.79","150g (1 kg = 18,60 €)","Vegane Vielfalt","False","https://img.rewe-static.de/8087488/29259348_digital-image.png"
"Biozentrale Bio Brotaufstrich Mango-Chili 125g","biozentrale","4005009101341","2.49","125g (1 kg = 19,92 €)","Vegane Vielfalt","False","https://img.rewe-static.de/1455323/23477420_digital-image.png"
"Kuhbonbon Salted Caramel vegan 165g","Kuhbonbon","4028452262193","2.99","165g","Vegane Vielfalt","False","https://img.rewe-static.de/8830790/36579130_digital-image.png"
"Vantastic Foods Bio Schakalode White Crisp vegan 90g","Vantastic Foods","4260661091038","2.99","90g (1 kg = 33,22 €)","Vegane Vielfalt","False","https://img.rewe-static.de/8871134/39529248_digital-image.png"
"Veggy Friends Veganer Bio Linsen-Aufstrich Cabanossi Art vegan 140g","Veggy Friends","4260177115365","2.79","140g","Vegane Vielfalt","False","https://img.rewe-static.de/7679123/43760388_digital-image.png"
"biozentrale Bio Zwiebelschmelz vegan 150g","biozentrale","4005009100887","2.99","150g (1 kg = 19,93 €)","Vegane Vielfalt","False","https://img.rewe-static.de/0908724/39641262_digital-image.png"
"Maggi für Genießer Pfeffer-Rahmsauce 250ml","Maggi","7613036072502","0.99","250ml (1 l = 3,96 €)","Öle, Soßen & Gewürze","False","https://img.rewe-static.de/7140687/27232049_digital-image.png"
"Barilla Pastasauce Basilico 400g","Barilla","8076809513722","3.19","400g (1 kg = 7,98 €)","Öle, Soßen & Gewürze","False","https://img.rewe-static.de/6653723/1635920_digital-image.png"
"REWE Bio Tomatenmark 200g","REWE Bio","4337256546966","0.95","200g (1 kg = 4,75 €)","Öle, Soßen & Gewürze","False","https://img.rewe-static.de/7129194/27488857_digital-image.png"
"Barilla Pesto alla Genovese 190g","Barilla","8076809513746","3.49","190g (1 kg = 18,37 €)","Öle, Soßen & Gewürze","False","https://img.rewe-static.de/4840313/1435860_digital-image.png"
"Barilla Pesto Rosso 200g","Barilla","8076809523547","3.49","200g (1 kg = 17,45 €)","Öle, Soßen & Gewürze","False","https://img.rewe-static.de/6485383/1435870_digital-image.png"
"Heinz Tomato Ketchup 500ml","Heinz","8715700017006","3.49","500ml (1 l = 6,98 €)","Öle, Soßen & Gewürze","False","https://img.rewe-static.de/7817568/1835670_digital-image.png"
"REWE Beste Wahl Paprika edelsüß gemahlen 39g","REWE Beste Wahl","4337256223409","1.99","39g (1 kg = 51,03 €)","Öle, Soßen & Gewürze","False","https://img.rewe-static.de/8560198/33905154_digital-image.png"
"Aquasale Meersalz mit Jod 500g","Aquasale","4001475112607","1.19","500g (1 kg = 2,38 €)","Öle, Soßen & Gewürze","False","https://img.rewe-static.de/3919102/7465950_digital-image.png"
"Bio Asia Organic Coconut Oil 250ml","Bio Asia","4316734051161","4.79","250ml (1 l = 19,16 €)","Öle, Soßen & Gewürze","False","https://img.rewe-static.de/2749251/30324648_digital-image.png"
"Thomy Delikatess-Senf mittelscharf 250ml","Thomy","4005500087762","1.79","250ml (1 l = 7,16 €)","Öle, Soßen & Gewürze","False","https://img.rewe-static.de/0688754/3144540_digital-image.png"
"Kühne Barbecue Sauce 250ml","Kühne","4012200383803","1.69","250ml (1 l = 6,76 €)","Öle, Soßen & Gewürze","False","https://img.rewe-static.de/6725155/13782570_digital-image.png"
"Brändle vita Rapsöl 750ml","Brändle","4008722001240","3.59","750ml (1 l = 4,79 €)","Öle, Soßen & Gewürze","False","https://img.rewe-static.de/4072715/1717340_digital-image.png"
"REWE Bio Passata passierte Tomaten 700g","REWE Bio","4337256343107","1.59","700g (1 kg = 2,27 €)","Öle, Soßen & Gewürze","False","https://img.rewe-static.de/0294936/1893540_digital-image.png"
"REWE Bio Sonnenblumenöl nativ 500ml","REWE Bio","4337256315296","1.69","500ml (1 l = 3,38 €)","Öle, Soßen & Gewürze","False","https://img.rewe-static.de/0201433/23679846_digital-image.png"
"Mondamin Saucenbinder dunkel 250g","Mondamin","4046800110927","1.79","250g (1 kg = 7,16 €)","Öle, Soßen & Gewürze","False","https://img.rewe-static.de/0953393/28233129_digital-image.png"
"Knorr Sauce zu Braten extra 3x250ml","Knorr","8711200414352","1.59","3x250ml (1 l = 2,12 €)","Öle, Soßen & Gewürze","False","https://img.rewe-static.de/8118546/28548835_digital-image.png"
"Barilla Pastasauce Napoletana 400g","Barilla","8076809513692","3.19","400g (1 kg = 7,98 €)","Öle, Soßen & Gewürze","False","https://img.rewe-static.de/4605969/7477830_digital-image.png"
"Mazzetti Cremaceto 250ml","Mazzetti","8002461910012","3.39","250ml (1 l = 13,56 €)","Öle, Soßen & Gewürze","False","https://img.rewe-static.de/0994664/7813210_digital-image.png"
"REWE Beste Wahl Jodsalz 500g","REWE Beste Wahl","4337256064880","0.65","500g (1 kg = 1,30 €)","Öle, Soßen & Gewürze","False","https://img.rewe-static.de/0614817/5240420_digital-image.png"
"REWE Beste Wahl Tomatenketchup 300ml","REWE Beste Wahl","4337256364348","1.29","300ml (1 l = 4,30 €)","Öle, Soßen & Gewürze","False","https://img.rewe-static.de/7262335/28365301_digital-image.png"
"Kikkoman Sojasauce 500ml","Kikkoman","8715035110502","6.99","500ml (1 l = 13,98 €)","Öle, Soßen & Gewürze","False","https://img.rewe-static.de/2487834/29387615_digital-image.png"
"Rewe Beste Wahl Oregano gerebelt 20g","REWE Beste Wahl","4337256408691","1.99","20g (1 kg = 99,50 €)","Öle, Soßen & Gewürze","False","https://img.rewe-static.de/8424727/32049100_digital-image.png"
"Ostmann Piment ganz 35g","Ostmann","4002674054859","2.29","35g (1 kg = 65,43 €)","Öle, Soßen & Gewürze","False","https://img.rewe-static.de/4206037/7459980_digital-image.png"
"Mazola Sesamöl 100ml","Mazola","42405818","1.69","100ml (1 l = 16,90 €)","Öle, Soßen & Gewürze","False","https://img.rewe-static.de/8417603/31503897_digital-image.png"
"Just Spices Tomaten Mozzarella Gewürz 40g","Just Spices","4260431678094","5.49","65g (1 kg = 84,46 €)","Öle, Soßen & Gewürze","False","https://img.rewe-static.de/7986498/33605268_digital-image.png"
"Ostmann Pfeffer weiß gemahlen 45g","Ostmann","4002674044720","2.49","45g (1 kg = 55,33 €)","Öle, Soßen & Gewürze","False","https://img.rewe-static.de/4258789/7466190_digital-image.png"
"Thomy Delikatess-Mayonnaise mit reinem Sonnenblumenöl 500ml","Thomy","4005500087083","3.39","500ml (1 l = 6,78 €)","Öle, Soßen & Gewürze","False","https://img.rewe-static.de/5896568/1855390_digital-image.png"
"Just Spices Pizza Gewürz 43g","Just Spices","4260401174762","4.99","43g (1 kg = 116,05 €)","Öle, Soßen & Gewürze","False","https://img.rewe-static.de/2415339/27188771_digital-image.png"
"REWE Bio Pesto Verde Vegan 130g","REWE Bio","4337256473699","2.49","130g (1 kg = 19,15 €)","Öle, Soßen & Gewürze","False","https://img.rewe-static.de/8486583/32512097_digital-image.png"
"Develey Curry-Sauce 250ml","Develey","4006824991032","1.79","250ml (1 l = 7,16 €)","Öle, Soßen & Gewürze","False","https://img.rewe-static.de/2102652/21963745_digital-image.png"
"Kikkoman Teriyaki Sauce Knoblauch 250ml","Kikkoman","8715035270305","4.69","250ml (1 l = 18,76 €)","Öle, Soßen & Gewürze","False","https://img.rewe-static.de/3002538/25644020_digital-image.png"
"Exotic Food Fischsauce 200ml","Exotic Food","8853662004068","2.49","200ml (1 l = 12,45 €)","Öle, Soßen & Gewürze","False","https://img.rewe-static.de/0066027/24111014_digital-image.png"
"Kühne Condimento Balsamico Bianco 250ml","Kühne","40737874","1.99","250ml (1 l = 7,96 €)","Öle, Soßen & Gewürze","False","https://img.rewe-static.de/0159574/9541250_digital-image.png"
"REWE Beste Wahl Kräuter der Provence Gewürzmischung 16g","REWE Beste Wahl","4337256248839","1.79","16g (1 kg = 111,88 €)","Öle, Soßen & Gewürze","False","https://img.rewe-static.de/8063148/30061035_digital-image.png"
"Kühne Dressing Kräuterwürzig 500ml","Kühne","4012200039052","2.49","500ml (1 l = 4,98 €)","Öle, Soßen & Gewürze","False","https://img.rewe-static.de/4343077/7478160_digital-image.png"
"Knorr Salatkrönung Croutinos mit Paprika & Pinienkernen 25g","Knorr","4038700119728","0.89","25g (1 kg = 35,60 €)","Öle, Soßen & Gewürze","False","https://img.rewe-static.de/0589829/2314650_digital-image.png"
"Ostmann Muskatnuss gemahlen 35g","Ostmann","4002674043822","2.59","35g (1 kg = 74 €)","Öle, Soßen & Gewürze","False","https://img.rewe-static.de/4248341/7467990_digital-image.png"
"Ostmann Bunter Pfeffer Gewürzmischung 70g","Ostmann","4002674074482","3.69","70g (1 kg = 52,71 €)","Öle, Soßen & Gewürze","False","https://img.rewe-static.de/4590031/7462140_digital-image.png"
"Ostmann Fleisch & Gyros Gewürzsalz 50g","Ostmann","4002674042382","2.19","50g (1 kg = 43,80 €)","Öle, Soßen & Gewürze","False","https://img.rewe-static.de/7074935/32237464_digital-image.png"
"Ostmann Knoblauch Salz 70g","Ostmann","4002674043112","2.29","70g (1 kg = 32,71 €)","Öle, Soßen & Gewürze","False","https://img.rewe-static.de/8269717/31504884_digital-image.png"
"Exotic Food Fischsauce 200ml","Exotic Food","8853662004068","2.49","200ml (1 l = 12,45 €)","Öle, Soßen & Gewürze","False","https://img.rewe-static.de/0066027/24111014_digital-image.png"
"ja! Suppengrün Gewürzmischung 35g","ja!","4337256225755","0.99","35g (1 kg = 28,29 €)","Öle, Soßen & Gewürze","False","https://img.rewe-static.de/2388262/24045896_digital-image.png"
"Kühne Condimento Balsamico Bianco 250ml","Kühne","40737874","1.99","250ml (1 l = 7,96 €)","Öle, Soßen & Gewürze","False","https://img.rewe-static.de/0159574/9541250_digital-image.png"
"REWE Beste Wahl Kräuter der Provence Gewürzmischung 16g","REWE Beste Wahl","4337256248839","1.79","16g (1 kg = 111,88 €)","Öle, Soßen & Gewürze","False","https://img.rewe-static.de/8063148/30061035_digital-image.png"
"Kühne Dressing Kräuterwürzig 500ml","Kühne","4012200039052","2.49","500ml (1 l = 4,98 €)","Öle, Soßen & Gewürze","False","https://img.rewe-static.de/4343077/7478160_digital-image.png"
"Knorr Salatkrönung Croutinos mit Paprika & Pinienkernen 25g","Knorr","4038700119728","0.89","25g (1 kg = 35,60 €)","Öle, Soßen & Gewürze","False","https://img.rewe-static.de/0589829/2314650_digital-image.png"
"Ostmann Muskatnuss gemahlen 35g","Ostmann","4002674043822","2.59","35g (1 kg = 74 €)","Öle, Soßen & Gewürze","False","https://img.rewe-static.de/4248341/7467990_digital-image.png"
"Ostmann Bunter Pfeffer Gewürzmischung 70g","Ostmann","4002674074482","3.69","70g (1 kg = 52,71 €)","Öle, Soßen & Gewürze","False","https://img.rewe-static.de/4590031/7462140_digital-image.png"
"Ostmann Fleisch & Gyros Gewürzsalz 50g","Ostmann","4002674042382","2.19","50g (1 kg = 43,80 €)","Öle, Soßen & Gewürze","False","https://img.rewe-static.de/7074935/32237464_digital-image.png"
"Ostmann Knoblauch Salz 70g","Ostmann","4002674043112","2.29","70g (1 kg = 32,71 €)","Öle, Soßen & Gewürze","False","https://img.rewe-static.de/8269717/31504884_digital-image.png"
"Kühne Bio Apfelessig 500ml","Kühne","40122199","2.39","500ml (1 l = 4,78 €)","Öle, Soßen & Gewürze","False","https://img.rewe-static.de/7155021/28592550_digital-image.png"
"Block House American Dressing 240ml","Block House","4009286151402","2.99","240ml (1 l = 12,46 €)","Öle, Soßen & Gewürze","False","https://img.rewe-static.de/8791162/37776124_digital-image.png"
"Block House Best for Steaks Salz 80g","Block House","4009286150931","3.99","80g (1 kg = 49,88 €)","Öle, Soßen & Gewürze","False","https://img.rewe-static.de/8565005/35201067_digital-image.png"
"Block House American Burgersauce 250ml","Block House","4009286155783","2.99","250ml (1 l = 11,96 €)","Öle, Soßen & Gewürze","False","https://img.rewe-static.de/0566034/20171609_digital-image.png"
"Knorr Feinschmecker Zitronen Butter Soße 250 ml","Knorr","4038700128188","1.29","52ml (1 kg = 24,81 €)","Öle, Soßen & Gewürze","False","https://img.rewe-static.de/0803820/4772910_digital-image.png"
"ja! Aceto Balsamico di Modena 500ml","ja!","4337256668255","1.69","500ml (1 l = 3,38 €)","Öle, Soßen & Gewürze","False","https://img.rewe-static.de/0397387/6218140_digital-image.png"
"Knorr Feinschmecker Hollandaise klassisch Soße 250 ml","Knorr","4038700114082","1.29","35ml (1 kg = 36,86 €)","Öle, Soßen & Gewürze","False","https://img.rewe-static.de/4615263/14092570_digital-image.png"
"Maggi Bolognese Basis 500g","Maggi","7613287102836","2.29","500g (1 kg = 4,58 €)","Öle, Soßen & Gewürze","False","https://img.rewe-static.de/8521199/32715775_digital-image.png"
"REWE feine Welt Safranfäden 0,5g","REWE Feine Welt","4337256038201","4.99","0,50g","Öle, Soßen & Gewürze","False","https://img.rewe-static.de/8005211/31469929_digital-image.png"
"Zum Dorfkrug Honig-Senf Salatsauce 250ml","Zum Dorfkrug","4260054650750","2.29","250ml (1 l = 9,16 €)","Öle, Soßen & Gewürze","False","https://img.rewe-static.de/2143230/22502355_digital-image.png"
"Ostmann Pfeffer schwarz ganz 100g","Ostmann","4002674074666","3.49","100g (1 kg = 34,90 €)","Öle, Soßen & Gewürze","False","https://img.rewe-static.de/8365960/31160669_digital-image.png"
"Mazola Rapsöl 250ml","Mazola","4000540000313","2.59","250ml (1 l = 10,36 €)","Öle, Soßen & Gewürze","False","https://img.rewe-static.de/3251851/26382736_digital-image.png"
"Eppers Hackfleisch Würzer 10g","Eppers","4014590166202","0.39","10g","Öle, Soßen & Gewürze","False","https://img.rewe-static.de/8514646/32586143_digital-image.png"
"Ostmann Paprika edelsüß 90g","Ostmann","4002674074079","3.69","90g (1 kg = 41 €)","Öle, Soßen & Gewürze","False","https://img.rewe-static.de/4208420/7475410_digital-image.png"
"Kühne Dressing Thousand-Islands-Dressing 500ml","Kühne","4012200038956","2.49","500ml (1 l = 4,98 €)","Öle, Soßen & Gewürze","False","https://img.rewe-static.de/4559878/2584530_digital-image.png"
"Ostmann Majoran gerebelt 7,5g","Ostmann","4002674043600","2.19","7,50g","Öle, Soßen & Gewürze","False","https://img.rewe-static.de/4248325/7475770_digital-image.png"
"Ben's Original Sauce Thailändisch süß-pikant 400g","Ben's Original","4002359015250","2.79","400g (1 kg = 6,98 €)","Öle, Soßen & Gewürze","False","https://img.rewe-static.de/9328807/2947860_digital-image.png"
"Hellmann's Real Salatmayonnaise 430ml","Hellmann's","8720182580160","3.49","430ml (1 l = 8,12 €)","Öle, Soßen & Gewürze","False","https://img.rewe-static.de/8893976/40161045_digital-image.png"
"Kühne Made for Meat Smoked Pepper BBQ Sauce 235ml","Kühne","40198651","1.99","235ml (1 l = 8,47 €)","Öle, Soßen & Gewürze","False","https://img.rewe-static.de/7098158/27403337_digital-image.png"
"Knorr Cocktail Sauce 250ml","Knorr","4013300031328","0.99","250ml (1 l = 3,96 €)","Öle, Soßen & Gewürze","True","https://img.rewe-static.de/4584244/1981380_digital-image.png"
"Knorr Salatkrönung Croutinos mit Walnuss Croutons 25 g","Knorr","4038700119704","0.89","25g (1 kg = 35,60 €)","Öle, Soßen & Gewürze","False","https://img.rewe-static.de/8144362/7478020_digital-image.png"
"Heinz Tomato Ketchup 220ml","Heinz","87157215","2.29","220ml (1 l = 10,41 €)","Öle, Soßen & Gewürze","False","https://img.rewe-static.de/1085756/29228064_digital-image.png"
"Kunella Leinöl 250ml","Kunella Feinkost","4400050321005","1.49","250ml (1 l = 5,96 €)","Öle, Soßen & Gewürze","False","https://img.rewe-static.de/7222343/1226820_digital-image.png"
"Popp Delikatess Mayonnaise 650ml","Popp","4045800783018","3.59","650ml (1 l = 5,52 €)","Öle, Soßen & Gewürze","False","https://img.rewe-static.de/7608795/42309695_digital-image.png"
"Bull's Eye Original BBQ Sauce 300ml","Bull's-Eye","8715700208602","3.99","300ml (1 l = 13,30 €)","Öle, Soßen & Gewürze","False","https://img.rewe-static.de/8099893/36405413_digital-image.png"
"Cock Süße Chilisauce für Huhn Pikant 230g","Cock","84909000545","2.39","180ml","Öle, Soßen & Gewürze","False","https://img.rewe-static.de/0572023/43597639_digital-image.png"
"Bertolli Originale Natives Olivenöl Extra 500ml","Bertolli","8002470031944","9.99","500ml (1 l = 19,98 €)","Öle, Soßen & Gewürze","False","https://img.rewe-static.de/6551025/33112554_digital-image.png"
"Maggi für Genießer Sauce Hollandaise 250ml","Maggi","7613036072441","0.99","250ml (1 l = 3,96 €)","Öle, Soßen & Gewürze","False","https://img.rewe-static.de/7142184/27195791_digital-image.png"
"REWE Geheimzutat N°20 Grüne Curry Paste von Tim Mälzer 80ml","REWE Geheimzutat","4337256657280","0.49","80ml (1 l = 6,13 €)","Öle, Soßen & Gewürze","False","https://img.rewe-static.de/8949785/42372187_digital-image.png"
"Knorr Honig-Senf Sauce 250ml","Knorr","4013300031342","0.99","250ml (1 l = 3,96 €)","Öle, Soßen & Gewürze","True","https://img.rewe-static.de/6157688/29698233_digital-image.png"
"Mazzetti Bio Weiss Weinessig 0,5l","Mazzetti","8002461910371","3.29","0,50l (1 l = 6,58 €)","Öle, Soßen & Gewürze","False","https://img.rewe-static.de/2775411/25060414_digital-image.png"
"Oro di Parma Tomatenmark mit Würzgemüse 200g","Oro di Parma","4008100168763","1.99","200g (1 kg = 9,95 €)","Öle, Soßen & Gewürze","False","https://img.rewe-static.de/5421470/864180_digital-image.png"
"Kühne Knoblauch-Sauce 250ml","Kühne","40804972","1.69","250ml (1 l = 6,76 €)","Öle, Soßen & Gewürze","False","https://img.rewe-static.de/4840917/8486260_digital-image.png"
"Knorr Curry Sauce 250ml","Knorr","4013300031298","0.99","250ml (1 l = 3,96 €)","Öle, Soßen & Gewürze","True","https://img.rewe-static.de/4584252/10796980_digital-image.png"
"REWE Beste Wahl Sweet Chilisauce 700ml","REWE Beste Wahl","4337256469913","2.99","700ml (1 l = 4,27 €)","Öle, Soßen & Gewürze","False","https://img.rewe-static.de/2719109/25294487_digital-image.png"
"Knorr Barbecue Sauce mit Honig 250ml","Knorr","8717163907450","0.99","250ml (1 l = 3,96 €)","Öle, Soßen & Gewürze","True","https://img.rewe-static.de/8066932/31503620_digital-image.png"
"REWE Beste Wahl Basilikum gerebelt 14g","REWE Beste Wahl","4337256243568","1.69","14g (1 kg = 120,71 €)","Öle, Soßen & Gewürze","False","https://img.rewe-static.de/8414675/31140345_digital-image.png"
"Händlmaier's süßer Hausmachersenf 225ml","Händlmaier's","4104720014128","1.79","225ml (1 l = 7,96 €)","Öle, Soßen & Gewürze","False","https://img.rewe-static.de/0975013/8427900_digital-image.png"
"Ostmann Zimt gemahlen 30g","Ostmann","4002674046151","2.19","30g (1 kg = 73 €)","Öle, Soßen & Gewürze","False","https://img.rewe-static.de/4259750/7459410_digital-image.png"
"REWE Beste Wahl Weißweinessig 500ml","REWE Beste Wahl","4337256269377","1.99","500ml (1 l = 3,98 €)","Öle, Soßen & Gewürze","False","https://img.rewe-static.de/7865230/34863515_digital-image.png"
"REWE Bio Muskatnuss 12,5g","REWE Bio","4337256453967","3.49","12,50g (1 kg = 279,20 €)","Öle, Soßen & Gewürze","False","https://img.rewe-static.de/1424821/23034613_digital-image.png"
"REWE Bio Sauce Hollandaise 340g","REWE Bio","4337256744942","1.99","340g (1 kg = 5,85 €)","Öle, Soßen & Gewürze","False","https://img.rewe-static.de/9021995/41923276_digital-image.png"
"Knorr Salatkrönung Croutinos mit Sonnenblumenkernen Croutons 25 g","Knorr","4038700119513","0.89","25g (1 kg = 35,60 €)","Öle, Soßen & Gewürze","False","https://img.rewe-static.de/8921032/1151640_digital-image.png"
"REWE Beste Wahl Oregano gerebelt 11g","REWE Beste Wahl","4337256249607","1.79","11g (1 kg = 162,73 €)","Öle, Soßen & Gewürze","False","https://img.rewe-static.de/8013483/31140217_digital-image.png"
"REWE Beste Wahl Chipotle Chili Sauce 300ml","REWE Beste Wahl","4337256206655","1.39","300ml (1 l = 4,63 €)","Öle, Soßen & Gewürze","False","https://img.rewe-static.de/8549084/32970873_digital-image.png"
"Block House Steak-Pfeffer 50g","Block House","4009286150085","3.49","50g (1 kg = 69,80 €)","Öle, Soßen & Gewürze","False","https://img.rewe-static.de/4955714/11078580_digital-image.png"
"Bad Reichenhaller Pommes Salz 90g","Bad Reichenhaller","4001475119743","1.85","90g (1 kg = 20,56 €)","Öle, Soßen & Gewürze","False","https://img.rewe-static.de/7274933/30324021_digital-image.png"
"Knorr Tomato al Gusto Italienische Kräuter 500g","Knorr","8710604725545","2.29","500g (1 kg = 4,58 €)","Öle, Soßen & Gewürze","False","https://img.rewe-static.de/8372242/30961045_digital-image.png"
"REWE Bio Pfeffer schwarz ganz 45g","REWE Bio","4337256448079","3.99","45g (1 kg = 88,67 €)","Öle, Soßen & Gewürze","False","https://img.rewe-static.de/0577536/1687180_digital-image.png"
"Kühne Hot-Chili-Sauce 250ml","Kühne","40804835","1.69","250ml (1 l = 6,76 €)","Öle, Soßen & Gewürze","False","https://img.rewe-static.de/6724337/2267600_digital-image.png"
"Biozentrale Bio Kokosöl 200ml","biozentrale","4005009103123","4.39","200ml (1 l = 21,95 €)","Öle, Soßen & Gewürze","False","https://img.rewe-static.de/2796073/25495811_digital-image.png"
"Ostmann Rosenpaprika scharf 50g","Ostmann","4002674054118","2.19","50g (1 kg = 43,80 €)","Öle, Soßen & Gewürze","False","https://img.rewe-static.de/4205839/7478590_digital-image.png"
"Block House American Dressing 250ml","Block House","4009286155646","2.99","250ml (1 l = 11,96 €)","Öle, Soßen & Gewürze","False","https://img.rewe-static.de/8480060/20171821_digital-image.png"
"Knorr Tex-Mex Sauce 250ml","Knorr","8720182790026","0.99","250ml (1 l = 3,96 €)","Öle, Soßen & Gewürze","True","https://img.rewe-static.de/9033833/42942713_digital-image.png"
"Bautz'ner Senf mittelscharf Tube 100ml","Bautz'ner","4012860003691","0.89","100ml (1 l = 8,90 €)","Öle, Soßen & Gewürze","False","https://img.rewe-static.de/5682177/3934650_digital-image.png"
"Maggi Internationale Würzsauce Texicana Salsa 500ml","Maggi","4005500333630","2.69","500ml (1 l = 5,38 €)","Öle, Soßen & Gewürze","False","https://img.rewe-static.de/9696121/1364160_digital-image.png"
"Heinz Indian Style Curry Mango Sauce 220ml","Heinz","8715700411224","2.29","220ml (1 l = 10,41 €)","Öle, Soßen & Gewürze","False","https://img.rewe-static.de/0332373/6816830_digital-image.png"
"Lee Kum Kee Panda-Oystersauce 255ml","Lee Kum Kee","4316734091693","2.89","255g (1 kg = 11,33 €)","Öle, Soßen & Gewürze","False","https://img.rewe-static.de/2350855/29520118_digital-image.png"
"Ostmann Italienische Kräuter 25g","Ostmann","4002674072808","2.79","25g (1 kg = 111,60 €)","Öle, Soßen & Gewürze","False","https://img.rewe-static.de/4208269/7471510_digital-image.png"
"Kühne Sauce für Kartoffelsalat klassisch 250ml","Kühne","4012200030899","2.29","250ml (1 l = 9,16 €)","Öle, Soßen & Gewürze","False","https://img.rewe-static.de/4899377/2932410_digital-image.png"
"REWE Beste Wahl Sonnenblumenöl 750ml","REWE Beste Wahl","4337256752916","2.19","750ml (1 l = 2,92 €)","Öle, Soßen & Gewürze","False","https://img.rewe-static.de/7897999/33904994_digital-image.png"
"Ostmann Kräuter der Provence 15g","Ostmann","4002674043181","1.99","15g (1 kg = 132,67 €)","Öle, Soßen & Gewürze","False","https://img.rewe-static.de/4262069/7465590_digital-image.png"
"REWE Beste Wahl Ajvar scharf 195g","REWE Beste Wahl","4337256049818","1.59","195g (1 kg = 8,15 €)","Öle, Soßen & Gewürze","False","https://img.rewe-static.de/2925148/28594694_digital-image.png"
"Mirácoli Pasta-Sauce Klassiker 400g","Mirácoli","4002359006029","2.49","400g (1 kg = 6,23 €)","Öle, Soßen & Gewürze","False","https://img.rewe-static.de/2839935/26593862_digital-image.png"
"Knorr Schaschlik Sauce 250ml","Knorr","4013300031250","0.99","250ml (1 l = 3,96 €)","Öle, Soßen & Gewürze","True","https://img.rewe-static.de/4706340/8128240_digital-image.png"
"Hellmann's Chunky Burger Sauce 250ml","Hellmann's","8720182301710","1.49","250ml (1 l = 5,96 €)","Öle, Soßen & Gewürze","True","https://img.rewe-static.de/8722219/35691172_digital-image.png"
"Thomy Mittelscharfer Delikatess Senf 200ml","Thomy","40056050","1.39","200ml (1 l = 6,95 €)","Öle, Soßen & Gewürze","False","https://img.rewe-static.de/0101486/3144530_digital-image.png"
"Knorr Salatkrönung Gartenkräuter Knoblauch Dressing 5er-Pack 40g","Knorr","8714100823576","1.49","40g (1 kg = 37,25 €)","Öle, Soßen & Gewürze","False","https://img.rewe-static.de/7179394/27352241_digital-image.png"
"REWE Bio Soja-Sauce","REWE Bio","4337256374095","2.99","250ml (1 l = 11,96 €)","Öle, Soßen & Gewürze","False","https://img.rewe-static.de/8341536/30315966_digital-image.png"
"Ostmann Ingwer gemahlen 30g","Ostmann","4002674042764","2.29","30g (1 kg = 76,33 €)","Öle, Soßen & Gewürze","False","https://img.rewe-static.de/4247850/7455090_digital-image.png"
"Miracel Whip Salatcreme Balance 10% 500ml","Miracel Whip","4000339457823","2.65","500ml (1 l = 5,30 €)","Öle, Soßen & Gewürze","False","https://img.rewe-static.de/9767517/2438220_digital-image.png"
"REWE Beste Wahl Italian Mamamia Gewürzzubereitung 57g","REWE Beste Wahl","4337256372831","1.99","57g (1 kg = 34,91 €)","Öle, Soßen & Gewürze","False","https://img.rewe-static.de/7828775/35706582_digital-image.png"
"REWE Beste Wahl Zimt gemahlen 28g","REWE Beste Wahl","4337256244800","1.99","28g (1 kg = 71,07 €)","Öle, Soßen & Gewürze","False","https://img.rewe-static.de/8012996/31134579_digital-image.png"
"Bad Reichenhaller Marken-Jodsalz mit Fluorid 500g","Bad Reichenhaller","4001475104602","0.89","500g (1 kg = 1,78 €)","Öle, Soßen & Gewürze","False","https://img.rewe-static.de/7084498/7479290_digital-image.png"
"Hellmann's Cheese Style Sauce 250ml","Hellmann's","8720182301734","1.49","250ml (1 l = 5,96 €)","Öle, Soßen & Gewürze","True","https://img.rewe-static.de/7816795/35690329_digital-image.png"
"REWE Bio Tomatenketchup 500ml","REWE Bio","4388844007901","1.89","500ml (1 l = 3,78 €)","Öle, Soßen & Gewürze","False","https://img.rewe-static.de/0201400/2074620_digital-image.png"
"Ostmann gewürzter Pfeffer 40g","Ostmann","4002674044607","2.79","40g (1 kg = 69,75 €)","Öle, Soßen & Gewürze","False","https://img.rewe-static.de/7075594/31504864_digital-image.png"
"Barilla Pesto alla Genovese 190g","Barilla","8076809580724","3.49","190g (1 kg = 18,37 €)","Öle, Soßen & Gewürze","False","https://img.rewe-static.de/7718084/38308979_digital-image.png"
"Mutti Bio Tomatenmark 164ml","MUTTI","8005110001673","1.89","164ml (1 l = 11,52 €)","Öle, Soßen & Gewürze","False","https://img.rewe-static.de/7734644/37721923_digital-image.png"
"Thomy Les Sauces Pfannen Sahne Sauce 250ml","Thomy","40056289","1.49","250ml (1 l = 5,96 €)","Öle, Soßen & Gewürze","False","https://img.rewe-static.de/4819497/1479790_digital-image.png"
"Zum Dorfkrug Caesar Salatsauce 250ml","Zum Dorfkrug","4260054650804","2.59","250ml (1 l = 10,36 €)","Öle, Soßen & Gewürze","False","https://img.rewe-static.de/8062952/30740830_digital-image.png"
"Yutaka Mirin Süsser Reiswein 150ml","NA","5014276512018","2.99","150ml (1 l = 19,93 €)","Öle, Soßen & Gewürze","False","https://img.rewe-static.de/2087237/28851268_digital-image.png"
"Mutti Tomatenmark dreifach konzentriert 200g","MUTTI","8005110140013","1.99","200g (1 kg = 9,95 €)","Öle, Soßen & Gewürze","False","https://img.rewe-static.de/0703289/28299065_digital-image.png"
"Knorr Salatkrönung Zwiebel Kräuter Dressing 5er-Pack 40g","Knorr","8714100823712","1.49","40g (1 kg = 37,25 €)","Öle, Soßen & Gewürze","False","https://img.rewe-static.de/7176845/27460603_digital-image.png"
"Heinz Einfach Lecker Mayonnaise 220ml","Heinz","87157857","2.29","220ml (1 l = 10,41 €)","Öle, Soßen & Gewürze","False","https://img.rewe-static.de/2756865/25936101_digital-image.png"
"Bautz'ner Burger Sauce 300ml","Bautz'ner","4012860005466","2.29","300ml (1 l = 7,63 €)","Öle, Soßen & Gewürze","False","https://img.rewe-static.de/8958390/39187607_digital-image.png"
"REWE Feine Welt Trüffel Dressing 200ml","REWE Feine Welt","42015949","1.49","200ml (1 l = 7,45 €)","Öle, Soßen & Gewürze","False","https://img.rewe-static.de/9020565/42944606_digital-image.png"
"Knorr Paprika Sauce Ungarische Art 250ml","Knorr","8710522890943","0.99","250ml (1 l = 3,96 €)","Öle, Soßen & Gewürze","True","https://img.rewe-static.de/7963249/31799250_digital-image.png"
"REWE Beste Wahl Kartoffel Wunder Gewürzsalz 50g","REWE Beste Wahl","4337256676885","1.99","50g","Öle, Soßen & Gewürze","False","https://img.rewe-static.de/8965953/40315181_digital-image.png"
"REWE Bio Naturland Tomatensauce Kräuter 350g","REWE Bio","4337256377331","1.89","350g (1 kg = 5,40 €)","Öle, Soßen & Gewürze","False","https://img.rewe-static.de/8680956/36457729_digital-image.png"
"Oro di Parma Tomatenmark 3fach konzentriert 200g","Oro di Parma","40081076","1.99","200g (1 kg = 9,95 €)","Öle, Soßen & Gewürze","False","https://img.rewe-static.de/0439975/1022900_digital-image.png"
"Knorr Salatkrönung Gartenkräuter Dressing 5er-Pack 40g","Knorr","8714100823644","1.49","40g (1 kg = 37,25 €)","Öle, Soßen & Gewürze","False","https://img.rewe-static.de/7179492/27325106_digital-image.png"
"REWE Bio Apfelessig 5% Säure naturtrüb 0,75l","REWE Bio","4337256365901","1.55","750l (1 l = 2,07 €)","Öle, Soßen & Gewürze","False","https://img.rewe-static.de/8107568/29636065_digital-image.png"
"Knorr Karibik Sauce 250ml","Knorr","8712566065011","0.99","250ml (1 l = 3,96 €)","Öle, Soßen & Gewürze","True","https://img.rewe-static.de/1042423/10447350_digital-image.png"
"Kikkoman Soja Sauce 150ml","Kikkoman","8715035110205","2.59","150ml (1 l = 17,27 €)","Öle, Soßen & Gewürze","False","https://img.rewe-static.de/3005291/9248970_digital-image.png"
"Bad Reichenhaller Marken-Jodsalz 500g","Bad Reichenhaller","4001475102608","0.85","500g (1 kg = 1,70 €)","Öle, Soßen & Gewürze","False","https://img.rewe-static.de/0084263/693130_digital-image.png"
"Thomy Remoulade mit Kräutern 200ml","Thomy","40056142","2.29","200ml (1 l = 11,45 €)","Öle, Soßen & Gewürze","False","https://img.rewe-static.de/3629651/3327670_digital-image.png"
"Händlmaier's Bayerisch-süßer Hausmachersenf 335ml","Händlmaier's","41047231","1.79","335ml (1 l = 5,34 €)","Öle, Soßen & Gewürze","False","https://img.rewe-static.de/5216001/3733970_digital-image.png"
"REWE Bio Kokosöl 450ml","REWE Bio","4337256771764","3.59","450ml (1 l = 7,98 €)","Öle, Soßen & Gewürze","False","https://img.rewe-static.de/7730463/38068619_digital-image.png"
"Knorr Salatkrönung Dill Kräuter Dressing 45g","Knorr","8714100823620","1.49","45g (1 kg = 33,11 €)","Öle, Soßen & Gewürze","False","https://img.rewe-static.de/7177137/27325102_digital-image.png"
"Lee Kum Kee Helle Sojasauce Supreme 150ml","Lee Kum Kee","4316734091655","1.99","150ml (1 l = 13,27 €)","Öle, Soßen & Gewürze","False","https://img.rewe-static.de/2373544/29384734_digital-image.png"
"Ostmann Paprika edelsüß 35g","Ostmann","4002674044072","2.19","35g (1 kg = 62,57 €)","Öle, Soßen & Gewürze","False","https://img.rewe-static.de/4248406/7455810_digital-image.png"
"Surig Essigspray Universal 500ml","Surig","4003387000898","1.89","500ml (1 l = 3,78 €)","Öle, Soßen & Gewürze","False","https://img.rewe-static.de/8336065/35804306_digital-image.png"
"Knorr Steak Sauce 250ml","Knorr","4013300031380","0.99","250ml (1 l = 3,96 €)","Öle, Soßen & Gewürze","True","https://img.rewe-static.de/5466180/2069460_digital-image.png"
"Bamboo Garden Sweet Chili Sauce 200ml","Bamboo Garden","4023900546306","2.99","200ml (1 l = 14,95 €)","Öle, Soßen & Gewürze","False","https://img.rewe-static.de/8825692/37357047_digital-image.png"
"Kühne Joghurt- & Gartenkräuter-Dressing 250ml","Kühne","40122793","1.79","250ml (1 l = 7,16 €)","Öle, Soßen & Gewürze","False","https://img.rewe-static.de/9654100/3335700_digital-image.png"
"Kattus Worcester Sauce 140ml","Kattus","4058700621076","1.99","140ml (1 l = 14,21 €)","Öle, Soßen & Gewürze","False","https://img.rewe-static.de/8474595/39282017_digital-image.png"
"Sonnen Bassermann Kartoffel mal anders Speckzwiebel 405g","Sonnen Bassermann","4008585103198","2.89","405g (1 kg = 7,14 €)","Öle, Soßen & Gewürze","False","https://img.rewe-static.de/9010685/42141442_digital-image.png"
"Knorr Kräuterlinge Küchenkräuter 60g","Knorr","8720182757739","1.99","60g (1 kg = 33,17 €)","Öle, Soßen & Gewürze","False","https://img.rewe-static.de/9035172/42761638_digital-image.png"
"REWE Feine Welt Tellicherry Pfeffer 43g","REWE Feine Welt","4388860001341","2.99","43g (1 kg = 69,53 €)","Öle, Soßen & Gewürze","False","https://img.rewe-static.de/7279307/28063346_digital-image.png"
"Block House Fine BBQ Sauce 240ml","Block House","4009286150351","3.49","240ml (1 l = 14,54 €)","Öle, Soßen & Gewürze","False","https://img.rewe-static.de/1490795/21036380_digital-image.png"
"Bad Reichenhaller Jodsalz mit Fluorid 500g","Bad Reichenhaller","4001475104671","1.29","500g (1 kg = 2,58 €)","Öle, Soßen & Gewürze","False","https://img.rewe-static.de/0170542/7476430_digital-image.png"
"Thomy Delikatess-Mayonnaise mit reinem Sonnenblumenöl 100ml","Thomy","40056005","1.59","100ml (1 l = 15,90 €)","Öle, Soßen & Gewürze","False","https://img.rewe-static.de/0101443/7456350_digital-image.png"
"Ben's Original Sauce süß-sauer extra Gemüse 400g","Ben's Original","4002359015267","2.79","400g (1 kg = 6,98 €)","Öle, Soßen & Gewürze","False","https://img.rewe-static.de/6826440/3702070_digital-image.png"
"Maggi Fondor 200g","Maggi","4005500321972","2.49","200g (1 kg = 12,45 €)","Öle, Soßen & Gewürze","False","https://img.rewe-static.de/0135119/1432310_digital-image.png"
"Knorr Salatkrönung Paprika Kräuter Dressing 5er-Pack","Knorr","8714100823705","1.49","45g (1 kg = 33,11 €)","Öle, Soßen & Gewürze","False","https://img.rewe-static.de/7178998/27493073_digital-image.png"
"Heinz Sweet Chili Sauce 220ml","Heinz","87157833","2.29","220ml (1 l = 10,41 €)","Öle, Soßen & Gewürze","False","https://img.rewe-static.de/2233095/28297961_digital-image.png"
"REWE Beste Wahl Honig Senf Sauce 300ml","REWE Beste Wahl","4337256202763","1.39","300ml (1 l = 4,63 €)","Öle, Soßen & Gewürze","False","https://img.rewe-static.de/8549587/32970967_digital-image.png"
"Knorr Salatkrönung Küchenkräuter 5er Pack, 40g","Knorr","8714100823637","1.49","40g (1 kg = 37,25 €)","Öle, Soßen & Gewürze","False","https://img.rewe-static.de/7179853/27340070_digital-image.png"
"Develey American Hot Dog Sauce 250ml","Develey","4006824007207","1.79","250ml (1 l = 7,16 €)","Öle, Soßen & Gewürze","False","https://img.rewe-static.de/3144951/26259976_digital-image.png"
"Maggi Tomaten Sauce 2er Pack ergibt 2x250ml","Maggi","4005500331407","0.79","2x0,25l (1 l = 1,58 €)","Öle, Soßen & Gewürze","True","https://img.rewe-static.de/4108582/7477680_digital-image.png"
"Ostmann Lorbeerblätter 5g","Ostmann","4002674102215","1.99","5g","Öle, Soßen & Gewürze","False","https://img.rewe-static.de/4548191/7477450_digital-image.png"
"La Espanola Natives Olivenöl extra virgen 500ml","La Espanola","8410660101153","8.99","500ml (1 l = 17,98 €)","Öle, Soßen & Gewürze","False","https://img.rewe-static.de/5475872/1207850_digital-image.png"
"Hela Gewürzketchup Curry leicht scharf 800ml","Hela","4027400148039","1.99","800ml (1 l = 2,49 €)","Öle, Soßen & Gewürze","True","https://img.rewe-static.de/7632226/41788868_digital-image.png"
"REWE Beste Wahl Dillspitzen geschnitten 10g","REWE Beste Wahl","4337256249249","1.79","10g (1 kg = 179 €)","Öle, Soßen & Gewürze","False","https://img.rewe-static.de/8414302/31138845_digital-image.png"
"REWE Bio Crema mit Aceto Balsamico 250ml","REWE Bio","4337256159913","2.99","250ml (1 l = 11,96 €)","Öle, Soßen & Gewürze","False","https://img.rewe-static.de/8098823/30110791_digital-image.png"
"Ostmann Thymian gerebelt 30g","Ostmann","4002674075809","2.99","30g (1 kg = 99,67 €)","Öle, Soßen & Gewürze","False","https://img.rewe-static.de/4240677/7472980_digital-image.png"
"Thomy Delikatess Remoulade mit feinen Kräutern 100ml","Thomy","40056029","1.59","100ml (1 l = 15,90 €)","Öle, Soßen & Gewürze","False","https://img.rewe-static.de/0101460/2326630_digital-image.png"
"REWE Beste Wahl Koriander gemahlen 32g","REWE Beste Wahl","4337256249683","1.79","32g (1 kg = 55,94 €)","Öle, Soßen & Gewürze","False","https://img.rewe-static.de/8413767/31140293_digital-image.png"
"More Nutrition 2 Kalorien Ölspray 200ml","NA","4260644043894","5.99","200 Stück","Öle, Soßen & Gewürze","False","https://img.rewe-static.de/8682308/35497934_digital-image.png"
"Knorr Salat Krönung Griechische Art 5 Stück","Knorr","8714100823682","1.49","45g (1 kg = 33,11 €)","Öle, Soßen & Gewürze","False","https://img.rewe-static.de/7177649/29276422_digital-image.png"
"Heinz American Style Burger Sauce 220ml","Heinz","5900783007966","2.29","220ml (1 l = 10,41 €)","Öle, Soßen & Gewürze","False","https://img.rewe-static.de/2824894/35637912_digital-image.png"
"REWE Beste Wahl Senfkörner ganz 100g","REWE Beste Wahl","4337256414142","1.99","100g (1 kg = 19,90 €)","Öle, Soßen & Gewürze","False","https://img.rewe-static.de/8422035/32252677_digital-image.png"
"Maggi Bratensaft 4x0,25l","Maggi","4005500021629","0.79","4x18g (1 kg = 10,97 €)","Öle, Soßen & Gewürze","True","https://img.rewe-static.de/3108392/1192030_digital-image.png"
"Knorr Feinschmecker 3 Pfeffer Soße 250 ml","Knorr","4038700114044","1.29","40ml (1 kg = 32,25 €)","Öle, Soßen & Gewürze","False","https://img.rewe-static.de/3665399/1159810_digital-image.png"
"REWE Bio Naturland Zimt gemahlen 30g","REWE Bio","4337256448208","2.69","30g (1 kg = 89,67 €)","Öle, Soßen & Gewürze","False","https://img.rewe-static.de/7794367/36478561_digital-image.png"
"REWE Beste Wahl Sambal Oelek 200g","REWE Beste Wahl","4337256837729","1.49","200g (1 kg = 7,45 €)","Öle, Soßen & Gewürze","False","https://img.rewe-static.de/8899139/39471766_digital-image.png"
"Löwensenf Medium 250ml","Löwensenf","42094692","1.79","250ml (1 l = 7,16 €)","Öle, Soßen & Gewürze","False","https://img.rewe-static.de/4889568/1857620_digital-image.png"
"REWE Bio Naturland Bunter Pfeffer Mühle 40g","REWE Bio","4337256890335","2.59","40g (1 kg = 64,75 €)","Öle, Soßen & Gewürze","False","https://img.rewe-static.de/8757063/36510536_digital-image.png"
"Ostmann Zimt gemahlen 80g","Ostmann","4002674076158","3.69","80g (1 kg = 46,13 €)","Öle, Soßen & Gewürze","False","https://img.rewe-static.de/4244630/7468500_digital-image.png"
"REWE Beste Wahl Rosmarin geschnitten 24g","REWE Beste Wahl","4337256242622","1.79","24g (1 kg = 74,58 €)","Öle, Soßen & Gewürze","False","https://img.rewe-static.de/8415693/31140597_digital-image.png"
"Kühne Joghurt-Dressing 500ml","Kühne","4012200039250","2.49","500ml (1 l = 4,98 €)","Öle, Soßen & Gewürze","False","https://img.rewe-static.de/4343050/3079290_digital-image.png"
"Ostmann Rosmarin geschnitten 20g","Ostmann","4002674044966","2.29","20g (1 kg = 114,50 €)","Öle, Soßen & Gewürze","False","https://img.rewe-static.de/5174740/7469670_digital-image.png"
"Ostmann Muskatnuss gemahlen 50g","Ostmann","4002674053821","2.99","50g (1 kg = 59,80 €)","Öle, Soßen & Gewürze","False","https://img.rewe-static.de/4203488/7456620_digital-image.png"
"Kühne Senf mittelscharf 250ml","Kühne","40122342","1.79","250g (1 kg = 7,16 €)","Öle, Soßen & Gewürze","False","https://img.rewe-static.de/4626125/3709170_digital-image.png"
"Miracel Whip Mayo Original 242ml","Miracel Whip","7622202029776","2.65","242ml (1 l = 10,95 €)","Öle, Soßen & Gewürze","False","https://img.rewe-static.de/9154340/42472248_digital-image.png"
"REWE Beste Wahl Honig BBQ Sauce 300ml","REWE Beste Wahl","4337256185226","1.39","300ml (1 l = 4,63 €)","Öle, Soßen & Gewürze","False","https://img.rewe-static.de/8534367/32853623_digital-image.png"
"Thomy Salat-Mayonnaise 500ml","Thomy","4005500087076","2.19","500ml (1 l = 4,38 €)","Öle, Soßen & Gewürze","False","https://img.rewe-static.de/4906411/3207620_digital-image.png"
"Ostmann Zimtstangen 4 Stück","Ostmann","4002674121575","2.19","4 Stück","Öle, Soßen & Gewürze","False","https://img.rewe-static.de/8348447/30665371_digital-image.png"
"Leimer Croûtons Zwiebel-Knoblauch 100g","Leimer","4000186039104","1.09","100g (1 kg = 10,90 €)","Öle, Soßen & Gewürze","False","https://img.rewe-static.de/4835085/1675560_digital-image.png"
"Just Spices Stullen Spice 50g","Just Spices","4260431672467","4.99","50g (1 kg = 99,80 €)","Öle, Soßen & Gewürze","False","https://img.rewe-static.de/8351594/31758966_digital-image.png"
"Rapso Rapsöl 0,75l","Rapso","9001466207911","4.99","0,75ml (1 l = 6,65 €)","Öle, Soßen & Gewürze","False","https://img.rewe-static.de/1485830/2008680_digital-image.png"
"REWE Beste Wahl Pfeffer weiss ganz 100g","REWE Beste Wahl","4337256638470","1.99","100g","Öle, Soßen & Gewürze","False","https://img.rewe-static.de/7674083/41696444_digital-image.png"
"REWE Beste Wahl Beef Rub Trockenmarinade 100g","REWE Beste Wahl","4337256652964","2.99","100g","Öle, Soßen & Gewürze","False","https://img.rewe-static.de/7673684/39947327_digital-image.png"
"REWE Bio Naturland Kreuzkümmel gemahlen 45g","REWE Bio","4337256442640","2.39","40g (1 kg = 53,11 €)","Öle, Soßen & Gewürze","False","https://img.rewe-static.de/8753852/36686990_digital-image.png"
"Peter Pane Knoblauch Creme vegan 300ml","Peter Pane","4250231458835","3.79","300ml (1 l = 12,63 €)","Öle, Soßen & Gewürze","False","https://img.rewe-static.de/7814287/35151486_digital-image.png"
"Ybarra Olivenöl extra virgin 250ml","NA","8410086001747","5.99","250ml (1 l = 23,96 €)","Öle, Soßen & Gewürze","False","https://img.rewe-static.de/8958997/40116236_digital-image.png"
"Ostmann Pfeffer schwarz gemahlen 50g","Ostmann","4002674054675","2.29","50g (1 kg = 45,80 €)","Öle, Soßen & Gewürze","False","https://img.rewe-static.de/4203640/7464420_digital-image.png"
"REWE Beste Wahl Chiliflocken geschrotet 26g","REWE Beste Wahl","4337256246248","1.99","26g (1 kg = 76,54 €)","Öle, Soßen & Gewürze","False","https://img.rewe-static.de/8333001/30061068_digital-image.png"
"Rewe Beste Wahl Pfeffer schwarz ganz 100g","REWE Beste Wahl","4337256404259","2.99","100g (1 kg = 29,90 €)","Öle, Soßen & Gewürze","False","https://img.rewe-static.de/8006629/32186593_digital-image.png"
"Ostmann Zimt gemahlen 20g","Ostmann","4002674126174","1.99","20g (1 kg = 99,50 €)","Öle, Soßen & Gewürze","False","https://img.rewe-static.de/2274137/31504852_digital-image.png"
"REWE Bio Naturland Tomatensauce Arrabbiata 350g","REWE Bio","4337256380348","1.89","345g (1 kg = 5,48 €)","Öle, Soßen & Gewürze","False","https://img.rewe-static.de/8679654/36263799_digital-image.png"
"Ostmann Muskatnüsse 2 Stück","Ostmann","4002674123845","2.19","2 Stück","Öle, Soßen & Gewürze","False","https://img.rewe-static.de/8346948/30688360_digital-image.png"
"Maggi Pfeffer Sauce 0,5l","Maggi","8445290181084","0.79","0,50l (1 l = 1,58 €)","Öle, Soßen & Gewürze","True","https://img.rewe-static.de/8739202/35802344_digital-image.png"
"Mazzetti Balsamico Tino Tipico 500ml","Mazzetti","4008934281010","3.99","500ml (1 l = 7,98 €)","Öle, Soßen & Gewürze","False","https://img.rewe-static.de/3114716/1382520_digital-image.png"
"Knorr Salatkrönung Gartenkräuter 192g","Knorr","8714100823675","4.49","192g (1 kg = 23,39 €)","Öle, Soßen & Gewürze","False","https://img.rewe-static.de/7179076/28592673_digital-image.png"
"Ruf Gourmet Vanilleschote 2,5g","Ruf","4002809021442","2.79","2,50g","Öle, Soßen & Gewürze","False","https://img.rewe-static.de/8589527/33052850_digital-image.png"
"Rewe Beste Wahl Bohnenkraut gerebelt 30g","REWE Beste Wahl","4337256412179","2.69","30g (1 kg = 89,67 €)","Öle, Soßen & Gewürze","False","https://img.rewe-static.de/8425218/32049727_digital-image.png"
"Thomy Delikatess-Mayonnaise mit reinem Sonnenblumenöl 200ml","Thomy","40056012","2.29","200ml (1 l = 11,45 €)","Öle, Soßen & Gewürze","False","https://img.rewe-static.de/0401137/2084640_digital-image.png"
"Maggi Delikatess Sauce zu Braten 3er Pack ergibt 3x250ml","Maggi","7613035442344","0.79","3x0,25l (1 l = 1,05 €)","Öle, Soßen & Gewürze","True","https://img.rewe-static.de/2744718/24894511_digital-image.png"
"Kotlin Ketchup Pikantny Hot 450g","NA","5900385012528","2.19","450g (1 kg = 4,87 €)","Öle, Soßen & Gewürze","False","https://img.rewe-static.de/7129723/43524348_digital-image.png"
"REWE Bio Currypulver 50g","REWE Bio","4388844014541","2.69","50g (1 kg = 53,80 €)","Öle, Soßen & Gewürze","False","https://img.rewe-static.de/0577458/7236080_digital-image.png"
"Maggi Kräuter Sauce 2er Pack ergibt 2x250ml","Maggi","7613035458840","0.79","2x0,25l (1 l = 1,58 €)","Öle, Soßen & Gewürze","True","https://img.rewe-static.de/2741478/24895848_digital-image.png"
"REWE Bio Naturland Kümmel ganz 60g","REWE Bio","4337256442312","2.49","60g (1 kg = 41,50 €)","Öle, Soßen & Gewürze","False","https://img.rewe-static.de/8758993/36498320_digital-image.png"
"Knorr Salatkrönung Italienische Art 5 Stück, 40g","Knorr","8714100823606","1.49","40g (1 kg = 37,25 €)","Öle, Soßen & Gewürze","False","https://img.rewe-static.de/7178386/27325104_digital-image.png"
"Hengstenberg Balsamico Bianco 500ml","Hengstenberg","4008100120549","3.89","500ml (1 l = 7,78 €)","Öle, Soßen & Gewürze","False","https://img.rewe-static.de/0608408/3153730_digital-image.png"
"Lien Ying Sesamöl geröstet 100ml","Lien Ying","4013200881979","2.79","100ml (1 l = 27,90 €)","Öle, Soßen & Gewürze","False","https://img.rewe-static.de/4646703/22451631_digital-image.png"
"Maggi Sauce zu Braten 3er Pack ergibt 3x250ml","Maggi","4005500319207","0.79","3x0,25l (1 l = 1,05 €)","Öle, Soßen & Gewürze","True","https://img.rewe-static.de/0025852/2212840_digital-image.png"
"REWE Bio Naturland Oregano gerebelt 17g","REWE Bio","4337256450317","2.49","15g (1 kg = 146,47 €)","Öle, Soßen & Gewürze","False","https://img.rewe-static.de/8760317/36449585_digital-image.png"
"REWE Bio Thymian gerebelt 25g","REWE Bio","4388860283068","2.99","20g (1 kg = 119,60 €)","Öle, Soßen & Gewürze","False","https://img.rewe-static.de/8109557/29522911_digital-image.png"
"Ostmann Majoran gerebelt 20g","Ostmann","4002674073607","2.99","20g (1 kg = 149,50 €)","Öle, Soßen & Gewürze","False","https://img.rewe-static.de/4208404/7460730_digital-image.png"
"Mondamin Mehlschwitze hell 250g","Mondamin","4046800110125","1.79","250g (1 kg = 7,16 €)","Öle, Soßen & Gewürze","False","https://img.rewe-static.de/4170229/2634800_digital-image.png"
"REWE Geheimzutat N°2 Tomatensauce von Tim Mälzer 350g","REWE Geheimzutat","4337256660297","1.99","350g (1 kg = 5,69 €)","Öle, Soßen & Gewürze","False","https://img.rewe-static.de/7669493/42629949_digital-image.png"
"Ostmann Rosmarin gemahlen 20g","Ostmann","4002674044959","2.29","20g (1 kg = 114,50 €)","Öle, Soßen & Gewürze","False","https://img.rewe-static.de/4258908/7460040_digital-image.png"
"REWE Bio Naturland Korianderkraut gerebelt 17g","REWE Bio","4337256448956","1.99","17g (1 kg = 117,06 €)","Öle, Soßen & Gewürze","False","https://img.rewe-static.de/7794739/36436996_digital-image.png"
"Bertolli Bio Natives Olivenöl Extra 500ml","Bertolli","8002470024595","10.99","500ml (1 kg = 21,98 €)","Öle, Soßen & Gewürze","False","https://img.rewe-static.de/7251096/27890484_digital-image.png"
"Ostmann Pfeffer schwarz-weiß geschrotet 40g","Ostmann","4002674044621","2.59","40g (1 kg = 64,75 €)","Öle, Soßen & Gewürze","False","https://img.rewe-static.de/4266560/7479270_digital-image.png"
"REWE Feine Welt Feigen-Senfsauce 90ml","REWE Feine Welt","42229292","1.99","90ml (1 l = 22,11 €)","Öle, Soßen & Gewürze","False","https://img.rewe-static.de/2850259/25367382_digital-image.png"
"REWE Beste Wahl Kardamom gemahlen 25g","REWE Beste Wahl","4337256245784","1.99","25g (1 kg = 79,60 €)","Öle, Soßen & Gewürze","False","https://img.rewe-static.de/8412459/31134542_digital-image.png"
"REWE Feine Welt Rosa Salzkristall 300g","REWE Feine Welt","4388860137316","3.29","300g (1 kg = 10,97 €)","Öle, Soßen & Gewürze","False","https://img.rewe-static.de/0685622/23525101_digital-image.png"
"Biozentrale Bio Raps-Öl 500ml","biozentrale","4005009102980","4.99","500ml (1 l = 9,98 €)","Öle, Soßen & Gewürze","False","https://img.rewe-static.de/1116125/23478861_digital-image.png"
"P&W Hot-Dog-Senf 285g","P&W","4001812008501","1.89","255ml (1 l = 7,41 €)","Öle, Soßen & Gewürze","False","https://img.rewe-static.de/0359358/6946100_digital-image.png"
"Rewe Beste Wahl Nelken ganz 35g","REWE Beste Wahl","4337256414661","1.99","35g (1 kg = 56,86 €)","Öle, Soßen & Gewürze","False","https://img.rewe-static.de/8425423/32186592_digital-image.png"
"REWE Feine Welt Parmesan Dressing 200ml","REWE Feine Welt","42227786","1.49","200ml (1 l = 7,45 €)","Öle, Soßen & Gewürze","False","https://img.rewe-static.de/2874583/25367066_digital-image.png"
"Peter Pane Mango Curry-Sauce vegan 300ml","Peter Pane","4250231458330","3.79","300ml (1 l = 12,63 €)","Öle, Soßen & Gewürze","False","https://img.rewe-static.de/7816171/35150887_digital-image.png"
"REWE Beste Wahl Ras El Hanout Gewürzmischung 33g","NA","4337256242592","1.99","33g (1 kg = 60,30 €)","Öle, Soßen & Gewürze","False","https://img.rewe-static.de/8062487/30060951_digital-image.png"
"Kühne Condimento Bianco 500ml","Kühne","40122120","3.99","500ml (1 l = 7,98 €)","Öle, Soßen & Gewürze","False","https://img.rewe-static.de/8726828/35688260_digital-image.png"
"Peter Pane Zitronen-Thymian-Sauce vegan 300ml","Peter Pane","4250231459238","3.79","300ml","Öle, Soßen & Gewürze","False","https://img.rewe-static.de/7815078/35151488_digital-image.png"
"Kühne Steak-Sauce 250ml","Kühne","40804927","1.69","250ml (1 l = 6,76 €)","Öle, Soßen & Gewürze","False","https://img.rewe-static.de/4908589/2314810_digital-image.png"
"Aquasale Meersalz grobkörnig 1kg","Aquasale","4001475112638","2.35","1000g","Öle, Soßen & Gewürze","False","https://img.rewe-static.de/0134366/15200340_digital-image.png"
"Mondamin Mehlschwitze Dunkel 250g","Mondamin","4046800110132","1.79","250g (1 kg = 7,16 €)","Öle, Soßen & Gewürze","False","https://img.rewe-static.de/4244125/7479380_digital-image.png"
"Oro di Parma Tomatenmark mit Basilikum 200g","Oro di Parma","4008100168688","1.99","200g (1 kg = 9,95 €)","Öle, Soßen & Gewürze","False","https://img.rewe-static.de/2806150/864170_digital-image.png"
"Barilla Pastasauce Bolognese 400g","Barilla","8076809513678","4.19","400g (1 kg = 10,48 €)","Öle, Soßen & Gewürze","False","https://img.rewe-static.de/3449521/3506300_digital-image.png"
"Ostmann Pizza-Gewürz 15g","Ostmann","4002674044904","2.29","15g (1 kg = 152,67 €)","Öle, Soßen & Gewürze","False","https://img.rewe-static.de/4258886/7462350_digital-image.png"
"Ostmann Brathähnchen Gewürzsalz 50g","Ostmann","4002674042696","2.19","50g (1 kg = 43,80 €)","Öle, Soßen & Gewürze","False","https://img.rewe-static.de/8270212/31504873_digital-image.png"
"Kühne Sahnemeerrettich sahnig-mild 100g","Kühne","40122137","1.39","100g (1 kg = 13,90 €)","Öle, Soßen & Gewürze","False","https://img.rewe-static.de/9313435/7474960_digital-image.png"
"Knorr Soße zu Schweinebraten 3x0,25l","Knorr","4000400117717","1.59","3x250ml (1 l = 2,12 €)","Öle, Soßen & Gewürze","False","https://img.rewe-static.de/2898713/7476550_digital-image.png"
"REWE Beste Wahl Pommes Gewürzsalz 70g","REWE Beste Wahl","4337256652292","1.49","70g (1 kg = 21,29 €)","Öle, Soßen & Gewürze","False","https://img.rewe-static.de/8944071/40233000_digital-image.png"
"Bertolli Bratolivenöl 500ml","Bertolli","8002470031616","8.99","500ml (1 l = 17,98 €)","Öle, Soßen & Gewürze","False","https://img.rewe-static.de/7894863/33970699_digital-image.png"
"Ostmann Pommes Gewürzsalz klassisch 70g","Ostmann","4002674044713","2.19","70g (1 kg = 31,29 €)","Öle, Soßen & Gewürze","False","https://img.rewe-static.de/7081110/29823468_digital-image.png"
"REWE Beste Wahl Majoran gerebelt 8g","REWE Beste Wahl","4337256237017","1.79","8g","Öle, Soßen & Gewürze","False","https://img.rewe-static.de/8414775/31140593_digital-image.png"
"Zum Dorfkrug Sylter Salatfrische Die Leichte 250ml","Zum Dorfkrug","4260054650729","2.29","250ml (1 l = 9,16 €)","Öle, Soßen & Gewürze","False","https://img.rewe-static.de/2747141/24890028_digital-image.png"
"Ostmann Kümmel gemahlen 35g","Ostmann","4002674043273","2.39","35g (1 kg = 68,29 €)","Öle, Soßen & Gewürze","False","https://img.rewe-static.de/4248309/7478480_digital-image.png"
"REWE Beste Wahl Paprika geräuchert gemahlen 39g","REWE Beste Wahl","4337256263344","1.99","39g (1 kg = 51,03 €)","Öle, Soßen & Gewürze","False","https://img.rewe-static.de/7895977/33904983_digital-image.png"
"Thomy Reines Rapsöl 750ml","Thomy","7613034723482","3.99","750ml (1 l = 5,32 €)","Öle, Soßen & Gewürze","False","https://img.rewe-static.de/2198497/22545132_digital-image.png"
"REWE Beste Wahl Pfeffer schwarz 50g","REWE Beste Wahl","4337256416658","1.99","50g (1 kg = 39,80 €)","Öle, Soßen & Gewürze","False","https://img.rewe-static.de/7989930/33397827_digital-image.png"
"Heinz Barbecue Sauce 220ml","Heinz","8715700411194","2.29","220ml (1 l = 10,41 €)","Öle, Soßen & Gewürze","False","https://img.rewe-static.de/0332369/6896160_digital-image.png"
"P&W Pommes Frites Sauce 425g","P&W","5701018058735","1.99","425g (1 kg = 4,68 €)","Öle, Soßen & Gewürze","False","https://img.rewe-static.de/7709828/39928602_digital-image.png"
"REWE Feine Welt Persiens Edelsteine Nachfüller 82g","REWE Feine Welt","4388860020311","2.99","82g (1 kg = 36,46 €)","Öle, Soßen & Gewürze","False","https://img.rewe-static.de/7281496/28063337_digital-image.png"
"Lacroix Braten-Paste 40g","Lacroix","42263944","1.29","40g (1 kg = 32,25 €)","Öle, Soßen & Gewürze","False","https://img.rewe-static.de/2032631/24078264_digital-image.png"
"REWE Geheimzutat N°4 Rauchige Tomatensauce von Tim Mälzer 350g","REWE Geheimzutat","4337256657556","1.99","350g (1 kg = 5,69 €)","Öle, Soßen & Gewürze","False","https://img.rewe-static.de/8953327/42629957_digital-image.png"
"Flying Goose Sriracha Mayoo Sauce vegetarisch 200ml","FLYING GOOSE","8853662056654","2.29","200ml (1 l = 11,45 €)","Öle, Soßen & Gewürze","False","https://img.rewe-static.de/2822896/26555652_digital-image.png"
"Kühne Weißwein-Essig 500ml","Kühne","40122014","2.49","500ml (1 l = 4,98 €)","Öle, Soßen & Gewürze","False","https://img.rewe-static.de/0326135/7476850_digital-image.png"
"Rewe Beste Wahl Kümmel ganz 40g","REWE Beste Wahl","4337256700078","1.99","40g (1 kg = 49,75 €)","Öle, Soßen & Gewürze","False","https://img.rewe-static.de/7989320/32186443_digital-image.png"
"REWE Feine Welt Fruchtessig Himbeere 100ml","REWE Feine Welt","4337256528207","3.49","100ml (1 l = 34,90 €)","Öle, Soßen & Gewürze","False","https://img.rewe-static.de/7037164/26700410_digital-image.png"
"Knorr Salatkrönung Kartoffelsalat 5x8g","Knorr","8712423021679","1.49","40ml (1 kg = 37,25 €)","Öle, Soßen & Gewürze","False","https://img.rewe-static.de/7223985/27642899_digital-image.png"
"Lukull Sauce Hollandaise Balance 250ml","Lukull","8711200457274","2.49","250ml (1 l = 9,96 €)","Öle, Soßen & Gewürze","False","https://img.rewe-static.de/7208267/28110222_digital-image.png"
"Chovi Allioli Knoblauchcreme 150ml","Chovi","8410422000670","2.39","150g (1 kg = 15,93 €)","Öle, Soßen & Gewürze","False","https://img.rewe-static.de/7195463/27958666_digital-image.png"
"Maggi Würze 125g","Maggi","40055091","1.59","125g (1 kg = 12,72 €)","Öle, Soßen & Gewürze","False","https://img.rewe-static.de/0166715/7456110_digital-image.png"
"Ostmann Kümmel ganz 80g","Ostmann","4002674073256","3.69","80g (1 kg = 46,13 €)","Öle, Soßen & Gewürze","False","https://img.rewe-static.de/4208382/7470610_digital-image.png"
"Knorr Tomato al Gusto Kräuter Soße 370 g","Knorr","4038700117373","1.99","370g (1 kg = 5,38 €)","Öle, Soßen & Gewürze","False","https://img.rewe-static.de/4582519/4782820_digital-image.png"
"Kühne Würzsauce Mexico 250ml","Kühne","40804934","1.69","250ml (1 l = 6,76 €)","Öle, Soßen & Gewürze","False","https://img.rewe-static.de/4840798/1903820_digital-image.png"
"Brändle vita Walnussöl 500ml","Brändle","4008722009109","5.99","0,50l (1 l = 11,98 €)","Öle, Soßen & Gewürze","False","https://img.rewe-static.de/5553563/7475230_digital-image.png"
"Fairtrade Original Thailändisches Rotes Curry 70g","Fairtrade Original","8711741356050","2.29","70g (1 kg = 32,71 €)","Öle, Soßen & Gewürze","False","https://img.rewe-static.de/3380719/31502317_digital-image.png"
"Knorr Salat-Krönung Honig Senf für 450ml","Knorr","8720182487865","1.49","450ml (1 l = 3,31 €)","Öle, Soßen & Gewürze","False","https://img.rewe-static.de/8841558/37357037_digital-image.png"
"Hela Gewürzketchup Curry Delikat 800ml","Hela","4027400148008","1.99","800ml (1 l = 2,49 €)","Öle, Soßen & Gewürze","True","https://img.rewe-static.de/7633236/41788887_digital-image.png"
"Maille Dijon-Senf Honig 200ml","Maille","3036810204014","2.79","200ml (1 l = 13,95 €)","Öle, Soßen & Gewürze","False","https://img.rewe-static.de/3203034/41332079_digital-image.png"
"Bad Reichenhaller Marken-Jodsalz Dose 500g","Bad Reichenhaller","4001475102677","1.29","500g (1 kg = 2,58 €)","Öle, Soßen & Gewürze","False","https://img.rewe-static.de/3638014/22429580_digital-image.png"
"P&W Burger Dressing 425g","P&W","5701018058728","1.99","425g (1 kg = 4,68 €)","Öle, Soßen & Gewürze","False","https://img.rewe-static.de/8890221/38621961_digital-image.png"
"Ostmann China Gewürzzubereitung 35g","Ostmann","4002674041637","2.19","35g (1 kg = 62,57 €)","Öle, Soßen & Gewürze","False","https://img.rewe-static.de/8269905/31504859_digital-image.png"
"Ostmann Brathähnchen Gewürzsalz 60g","Ostmann","4002674052695","2.19","60g (1 kg = 36,50 €)","Öle, Soßen & Gewürze","False","https://img.rewe-static.de/8270623/31504876_digital-image.png"
"Kühne Apfelessig 750ml","Kühne","40122083","2.39","750ml (1 l = 3,19 €)","Öle, Soßen & Gewürze","False","https://img.rewe-static.de/5203058/23269675_digital-image.png"
"Knorr Salatkrönung Französische Art 5er","Knorr","8714100823569","1.49","40g (1 kg = 37,25 €)","Öle, Soßen & Gewürze","False","https://img.rewe-static.de/7177944/28677503_digital-image.png"
"Block House Steak Pfeffer 200g","Block House","4009286121542","9.99","200g (1 kg = 49,95 €)","Öle, Soßen & Gewürze","False","https://img.rewe-static.de/0186704/21069603_digital-image.png"
"REWE Beste Wahl Röstzwiebeln 150g","REWE Beste Wahl","4337256119818","1.29","150g (1 kg = 8,60 €)","Öle, Soßen & Gewürze","False","https://img.rewe-static.de/1209186/23184041_digital-image.png"
"Kühne Remoulade mit Kräutern 200ml","Kühne","40122632","1.99","200ml (1 l = 9,95 €)","Öle, Soßen & Gewürze","False","https://img.rewe-static.de/4908627/7455180_digital-image.png"
"Knorr Chili Sauce 250ml","Knorr","4013300031281","0.99","250ml (1 l = 3,96 €)","Öle, Soßen & Gewürze","True","https://img.rewe-static.de/4584198/10694630_digital-image.png"
"Ostmann Kreuzkümmel gemahlen 35g","Ostmann","4002674041910","2.59","35g (1 kg = 74 €)","Öle, Soßen & Gewürze","False","https://img.rewe-static.de/4246780/7466250_digital-image.png"
"REWE Bio Wacholderbeeren ganz 35g","REWE Bio","4337256445238","1.99","35g (1 kg = 56,86 €)","Öle, Soßen & Gewürze","False","https://img.rewe-static.de/8758695/36547295_digital-image.png"
"Heinz Tomato Ketchup ohne Zusatz von Zucker und Salz 400ml","Heinz","8715700117140","3.49","400ml (1 l = 8,73 €)","Öle, Soßen & Gewürze","False","https://img.rewe-static.de/8401001/31062006_digital-image.png"
"Heinz Tomato Ketchup 50% weniger Zucker & Salz 500ml","Heinz","8715700423869","3.49","500ml (1 l = 6,98 €)","Öle, Soßen & Gewürze","False","https://img.rewe-static.de/8277331/29387629_digital-image.png"
"Maggi Würze 250g","Maggi","4005500310105","2.19","250g (1 kg = 8,76 €)","Öle, Soßen & Gewürze","False","https://img.rewe-static.de/0166723/905100_digital-image.png"
"Maggi Schnitzel Sauce 2er Pack ergibt 2 x 250ml","Maggi","7613035442689","0.79","2x0,25l (1 l = 1,58 €)","Öle, Soßen & Gewürze","True","https://img.rewe-static.de/2741483/24895939_digital-image.png"
"REWE Beste Wahl Rote Curry-Paste würzig-scharf 110g","REWE Beste Wahl","4337256154819","1.39","110g (1 kg = 12,64 €)","Öle, Soßen & Gewürze","False","https://img.rewe-static.de/1423303/22629316_digital-image.png"
"Ostmann Knoblauch geröstet 40g","Ostmann","4002674043082","2.49","40g (1 kg = 62,25 €)","Öle, Soßen & Gewürze","False","https://img.rewe-static.de/7074279/31504865_digital-image.png"
"Bautz'ner Senf mittelscharf 200ml","Bautz'ner","4012860003110","0.55","200ml (1 l = 2,75 €)","Öle, Soßen & Gewürze","False","https://img.rewe-static.de/6685234/2898580_digital-image.png"
"REWE Bio Rapsöl nativ 500ml","REWE Bio","4337256199995","1.55","500ml (1 l = 3,10 €)","Öle, Soßen & Gewürze","False","https://img.rewe-static.de/0201435/3277940_digital-image.png"
"Hengstenberg Essigessenz 500g","Hengstenberg","4008100126800","1.59","500g (1 kg = 3,18 €)","Öle, Soßen & Gewürze","False","https://img.rewe-static.de/1494251/23270114_digital-image.png"
"Maille Dijon-Senf Original 200ml","Maille","3036810201280","2.79","200ml (1 l = 13,95 €)","Öle, Soßen & Gewürze","False","https://img.rewe-static.de/8075620/1026020_digital-image.png"
"REWE Beste Wahl Kokosnussmilch Creme 250ml","REWE Beste Wahl","4337256522182","1.09","250ml (1 l = 4,36 €)","Öle, Soßen & Gewürze","False","https://img.rewe-static.de/8130266/28333169_digital-image.png"
"REWE Bio Leinöl nativ 250ml","REWE Bio","4337256177450","2.09","250ml (1 l = 8,36 €)","Öle, Soßen & Gewürze","True","https://img.rewe-static.de/1919708/21207716_digital-image.png"
"Kühne Surol 7-Kräuter-Essig 0,75l","Kühne","40122038","1.69","750ml (1 l = 2,25 €)","Öle, Soßen & Gewürze","False","https://img.rewe-static.de/4626052/1472950_digital-image.png"
"Block House Zauber-Gewürzsalz 70g","Block House","4009286150894","3.49","70g (1 kg = 49,86 €)","Öle, Soßen & Gewürze","False","https://img.rewe-static.de/0046487/21865178_digital-image.png"
"REWE Bio Natives Olivenöl 750ml","REWE Bio","4337256414371","6.95","750ml (1 l = 9,27 €)","Öle, Soßen & Gewürze","False","https://img.rewe-static.de/8427501/31887593_digital-image.png"
"REWE Beste Wahl Pastasauce Tomate-Sahne 400g","REWE Beste Wahl","4337256840705","1.69","400g (1 kg = 4,23 €)","Öle, Soßen & Gewürze","False","https://img.rewe-static.de/2361886/43906594_digital-image.png"
"Rewe Beste Wahl Italienisches Natives Olivenöl 500ml","REWE Beste Wahl","4337256021654","7.99","500ml (1 l = 15,98 €)","Öle, Soßen & Gewürze","False","https://img.rewe-static.de/8425181/31525366_digital-image.png"
"Kühne Senf mittelscharf Squeeze 250ml","Kühne","4012200222102","1.69","250ml (1 l = 6,76 €)","Öle, Soßen & Gewürze","False","https://img.rewe-static.de/2717870/25295919_digital-image.png"
"Sonnen Bassermann Kartoffel mal anders Käse 405g","Sonnen Bassermann","4008585103174","2.89","405g (1 kg = 7,14 €)","Öle, Soßen & Gewürze","False","https://img.rewe-static.de/9013975/42141445_digital-image.png"
"Block House Grüner Knoblauch Pfeffer 50g","Block House","4009286150009","3.49","50g (1 kg = 69,80 €)","Öle, Soßen & Gewürze","False","https://img.rewe-static.de/0046486/22399978_digital-image.png"
"Bad Reichenhaller Markensalz 500g","Bad Reichenhaller","4001475101601","0.75","500g (1 kg = 1,50 €)","Öle, Soßen & Gewürze","False","https://img.rewe-static.de/0222089/2058950_digital-image.png"
"Maggi Food Travel Würzpaste für Teriyaki Style 65g","Maggi","42394839","1.09","65g (1 kg = 16,77 €)","Öle, Soßen & Gewürze","False","https://img.rewe-static.de/8406011/30965025_digital-image.png"
"Knorr Geflügel Soße 3 x 250 ml","Knorr","4000400117151","1.59","3x250ml (1 l = 2,12 €)","Öle, Soßen & Gewürze","False","https://img.rewe-static.de/5950759/20720020_digital-image.png"
"REWE Feine Welt Ajvar mild 212ml","REWE Feine Welt","4337256497206","2.29","212ml (1 l = 10,80 €)","Öle, Soßen & Gewürze","False","https://img.rewe-static.de/7708000/37539852_digital-image.png"
"Maggi Food Travel Würzpaste für Curry Thai Style 65g","Maggi","42394808","1.09","65g (1 kg = 16,77 €)","Öle, Soßen & Gewürze","False","https://img.rewe-static.de/8432150/30961096_digital-image.png"
"REWE Beste Wahl Kümmel gemahlen 29g","REWE Beste Wahl","4337256241281","1.99","29g (1 kg = 68,62 €)","Öle, Soßen & Gewürze","False","https://img.rewe-static.de/8014171/31140239_digital-image.png"
"REWE Feine Welt Trüffelöl 100ml","REWE Feine Welt","4337256690324","4.99","100ml (1 l = 49,90 €)","Öle, Soßen & Gewürze","False","https://img.rewe-static.de/7075794/28063377_digital-image.png"
"REWE Beste Wahl Chili Mix gemahlen 39g","REWE Beste Wahl","4337256270090","1.99","39g (1 kg = 51,03 €)","Öle, Soßen & Gewürze","False","https://img.rewe-static.de/8600803/33904952_digital-image.png"
"Oro di Parma Pizzasauce Oregano 400ml","Oro di Parma","4008100168220","1.99","400ml (1 kg = 4,98 €)","Öle, Soßen & Gewürze","False","https://img.rewe-static.de/7582447/1693770_digital-image.png"
"Maggi Food Travel Würzpaste für Curry Indian Style 65g","Maggi","42394846","1.09","65g (1 kg = 16,77 €)","Öle, Soßen & Gewürze","False","https://img.rewe-static.de/8407627/30964674_digital-image.png"
"REWE Beste Wahl Ajvar mild 195g","REWE Beste Wahl","4337256045971","1.59","195g (1 kg = 8,15 €)","Öle, Soßen & Gewürze","False","https://img.rewe-static.de/0710560/22756089_digital-image.png"
"Werder Paprika Sauce ungarische Art 500g","Werder Feinkost","4400139017164","1.79","500g (1 kg = 3,58 €)","Öle, Soßen & Gewürze","False","https://img.rewe-static.de/7873104/33899089_digital-image.png"
"Knorr Braten Soße 3x250ml","Knorr","40387994","1.59","3x0,25l (1 l = 2,12 €)","Öle, Soßen & Gewürze","False","https://img.rewe-static.de/0157457/693750_digital-image.png"
"Barilla Pesto Pomodori Secchi 200g","Barilla","8076809541091","3.49","200g (1 kg = 17,45 €)","Öle, Soßen & Gewürze","False","https://img.rewe-static.de/1165374/22638731_digital-image.png"
"Bautz'ner Senf mittelscharf 300ml","Bautz'ner","4012860005664","1.09","300ml (1 l = 3,63 €)","Öle, Soßen & Gewürze","False","https://img.rewe-static.de/3249785/26351465_digital-image.png"
"Thomy Les Sauces Hollandaise légère 250ml","Thomy","40057705","1.49","250ml (1 l = 5,96 €)","Öle, Soßen & Gewürze","False","https://img.rewe-static.de/9980792/3029670_digital-image.png"
"REWE Bio Pesto Rosso 130g","REWE Bio","4337256480901","2.49","130g (1 kg = 19,15 €)","Öle, Soßen & Gewürze","False","https://img.rewe-static.de/8488972/33563242_digital-image.png"
"Knorr Grillsauce Knoblauch Soße 250 ml","Knorr","4013300031236","0.99","250ml (1 l = 3,96 €)","Öle, Soßen & Gewürze","True","https://img.rewe-static.de/4584171/9206200_digital-image.png"
"Al Amier Tahina Sesampaste 125g","Al Amier","4013200387716","2.99","125g (1 kg = 23,92 €)","Öle, Soßen & Gewürze","False","https://img.rewe-static.de/1015638/24078894_digital-image.png"
"Thomy Les Sauces Hollandaise 250ml","Thomy","40056265","1.49","250ml (1 l = 5,96 €)","Öle, Soßen & Gewürze","False","https://img.rewe-static.de/4819039/1149770_digital-image.png"
"P&W Hamburger Sauce 425g","P&W","5701018058711","1.99","425g (1 kg = 4,68 €)","Öle, Soßen & Gewürze","False","https://img.rewe-static.de/7669110/39325345_digital-image.png"
"Thomy Ketchup 35% weniger Zucker 500ml","Thomy","42402770","1.99","500ml (1 l = 3,98 €)","Öle, Soßen & Gewürze","False","https://img.rewe-static.de/7939975/32344231_digital-image.png"
"Ostmann Thymian gerebelt 15g","Ostmann","4002674045802","2.19","15g (1 kg = 146 €)","Öle, Soßen & Gewürze","False","https://img.rewe-static.de/4259556/7459500_digital-image.png"
"Bautz'ner Fix Tomatensoße 400ml","Bautz'ner","4012860003424","2.39","410ml (1 kg = 5,83 €)","Öle, Soßen & Gewürze","False","https://img.rewe-static.de/2092958/21916455_digital-image.png"
"Mondamin Saucenbinder hell 250g","Mondamin","4046800110903","1.79","250g (1 kg = 7,16 €)","Öle, Soßen & Gewürze","False","https://img.rewe-static.de/0953385/28312459_digital-image.png"
"Flying Goose Sriracha Scharfe Chilisauce 200ml","FLYING GOOSE","8853662056005","2.29","200ml (1 l = 11,45 €)","Öle, Soßen & Gewürze","False","https://img.rewe-static.de/3253918/26552447_digital-image.png"
"REWE Beste Wahl Pesto Alla Genovese mit Basilikum und Käse 190g","REWE Beste Wahl","4337256437776","1.99","190g (1 kg = 10,47 €)","Öle, Soßen & Gewürze","False","https://img.rewe-static.de/8320569/30109584_digital-image.png"
"REWE Beste Wahl Kurkuma gemahlen 37g","REWE Beste Wahl","4337256239783","1.99","37g (1 kg = 53,78 €)","Öle, Soßen & Gewürze","False","https://img.rewe-static.de/8011973/31140078_digital-image.png"
"Kühne Senf mittelscharf 200ml","Kühne","40122236","1.59","200ml (1 l = 7,95 €)","Öle, Soßen & Gewürze","False","https://img.rewe-static.de/4626133/6289380_digital-image.png"
"REWE Beste Wahl Italienische Kräuter 13g","REWE Beste Wahl","4337256245579","1.79","13g (1 kg = 137,69 €)","Öle, Soßen & Gewürze","False","https://img.rewe-static.de/8061778/30060801_digital-image.png"
"Zum Dorfkrug Sylter Salatfrische 250ml","Zum Dorfkrug","4260054650019","2.29","250ml (1 l = 9,16 €)","Öle, Soßen & Gewürze","False","https://img.rewe-static.de/0105029/3643080_digital-image.png"
"Heinz Bio Tomato Ketchup 500ml","Heinz","8715700125817","3.99","500ml (1 l = 7,98 €)","Öle, Soßen & Gewürze","False","https://img.rewe-static.de/9088931/43440214_digital-image.png"
"Miracel Whip Salatcreme Original 23% 500ml","Miracel Whip","4000339057825","2.65","500ml (1 l = 5,30 €)","Öle, Soßen & Gewürze","False","https://img.rewe-static.de/3719120/2989120_digital-image.png"
"Fiore Natives Olivenöl extra 750ml","Fiore","8008460004332","8.49","0,75l (1 l = 11,32 €)","Öle, Soßen & Gewürze","False","https://img.rewe-static.de/2372767/23629840_digital-image.png"
"REWE Beste Wahl Pfeffer schwarz gemahlen 41g","REWE Beste Wahl","4337256229463","1.99","41g (1 kg = 48,54 €)","Öle, Soßen & Gewürze","False","https://img.rewe-static.de/8012289/31140081_digital-image.png"
"Maggi Jäger Sauce 2er Pack ergibt 2 x 250ml","Maggi","7613035442368","0.79","2x0,25l (1 l = 1,58 €)","Öle, Soßen & Gewürze","True","https://img.rewe-static.de/2741480/27939317_digital-image.png"
"Biozentrale Bio Tomatensauce Bolognese Vegan 350g","biozentrale","4005009100306","3.49","350g (1 kg = 9,97 €)","Öle, Soßen & Gewürze","False","https://img.rewe-static.de/0886616/23484394_digital-image.png"
"Oro d'Italia Pesto Verde 156ml","NA","4008100169517","2.49","156ml (1 l = 15,96 €)","Öle, Soßen & Gewürze","False","https://img.rewe-static.de/7242651/29026269_digital-image.png"
"Thomy Reines Sonnenblumenöl 750ml","Thomy","4005500087151","2.99","750ml (1 l = 3,99 €)","Öle, Soßen & Gewürze","False","https://img.rewe-static.de/1052411/3934150_digital-image.png"
"Ostmann Pfeffer schwarz gemahlen 40g","Ostmann","4002674044676","2.09","40g (1 kg = 52,25 €)","Öle, Soßen & Gewürze","False","https://img.rewe-static.de/4248457/7453260_digital-image.png"
"Knorr Helle Soße ergibt 3x250ml","Knorr","8714100790281","1.59","3x250ml (1 l = 2,12 €)","Öle, Soßen & Gewürze","False","https://img.rewe-static.de/7140028/27344701_digital-image.png"
"De Cecco Natives Olivenöl extra Fruttato 500ml","De Cecco","8001250012623","7.49","500ml (1 l = 14,98 €)","Öle, Soßen & Gewürze","False","https://img.rewe-static.de/8253727/29841914_digital-image.png"
"Mazola Keimöl 750ml","Mazola","4000540010138","4.49","750ml (1 l = 5,99 €)","Öle, Soßen & Gewürze","False","https://img.rewe-static.de/8011511/30756589_digital-image.png"
"REWE Feine Welt Natives Olivenöl extra Lesvos g.g.A. 500ml","REWE Feine Welt","4337256313025","9.99","500ml (1 l = 19,98 €)","Öle, Soßen & Gewürze","False","https://img.rewe-static.de/2178952/22944258_digital-image.png"
"Heinz Einfach Lecker Mayonnaise 495ml","Heinz","8715700209159","3.29","495ml (1 l = 6,65 €)","Öle, Soßen & Gewürze","False","https://img.rewe-static.de/8280030/29291195_digital-image.png"
"Ostmann Knoblauch granuliert 50g","Ostmann","4002674043136","2.29","50g (1 kg = 45,80 €)","Öle, Soßen & Gewürze","False","https://img.rewe-static.de/4248180/7462590_digital-image.png"
"REWE Beste Wahl Kreuzkümmel gemahlen 35g","REWE Beste Wahl","4337256243018","1.99","35g (1 kg = 56,86 €)","Öle, Soßen & Gewürze","False","https://img.rewe-static.de/8413269/31140285_digital-image.png"
"Thomy Gourmet-Remoulade mit Kräutern 250ml","Thomy","4005500087113","2.29","250ml (1 l = 9,16 €)","Öle, Soßen & Gewürze","False","https://img.rewe-static.de/4027361/3004260_digital-image.png"
"Bad Reichenhaller KräuterSalz mit Folsäure 90g","Bad Reichenhaller","4001475116742","1.85","90g (1 kg = 20,56 €)","Öle, Soßen & Gewürze","False","https://img.rewe-static.de/3660060/2894740_digital-image.png"
"Maggi Rahm-Sauce zu Braten 2er Pack ergibt 2x250ml","Maggi","4005500331506","0.79","2x0,25l (1 l = 1,58 €)","Öle, Soßen & Gewürze","True","https://img.rewe-static.de/3108422/2398520_digital-image.png"
"Bad Reichenhaller Alpen JodSalz + Selen 500g","Bad Reichenhaller","4001475107627","1.29","500g (1 kg = 2,58 €)","Öle, Soßen & Gewürze","False","https://img.rewe-static.de/7677866/40115664_digital-image.png"
"Kikkoman Teriyaki Sauce Sesam 250ml","Kikkoman","8715035280304","4.69","250ml (1 l = 18,76 €)","Öle, Soßen & Gewürze","False","https://img.rewe-static.de/3101741/29389844_digital-image.png"
"Knorr Kräuterlinge zum Streuen Gartenkräuter 60g","Knorr","4038700102508","1.99","60g (1 kg = 33,17 €)","Öle, Soßen & Gewürze","False","https://img.rewe-static.de/8392064/20652253_digital-image.png"
"Geeta's Tikka Curry Paste 80g","Geeta's","5021185832038","1.79","80g (1 kg = 22,38 €)","Öle, Soßen & Gewürze","False","https://img.rewe-static.de/2003510/23311637_digital-image.png"
"Knorr Jäger Soße ergibt 2x250ml","Knorr","8720182052773","1.59","2x250ml (1 l = 3,18 €)","Öle, Soßen & Gewürze","False","https://img.rewe-static.de/7817658/36868082_digital-image.png"
"REWE Bio Garam Masala gemahlen 30g","REWE Bio","4337256446839","2.59","30g (1 kg = 86,33 €)","Öle, Soßen & Gewürze","False","https://img.rewe-static.de/8822460/36584963_digital-image.png"
"Ostmann Paprika geräuchert 50g","Ostmann","4002674054057","2.69","50g (1 kg = 53,80 €)","Öle, Soßen & Gewürze","False","https://img.rewe-static.de/8403964/40260269_digital-image.png"
"Rapsgold Reines Bio-Rapsöl 750ml","Rapsgold","4260106710340","4.99","750ml (1 l = 6,65 €)","Öle, Soßen & Gewürze","False","https://img.rewe-static.de/8505034/33053326_digital-image.png"
"Maggi Magic Asia Sauce Indian Style Tikka Masala 340g","Maggi","42421559","2.99","340g (1 kg = 8,79 €)","Öle, Soßen & Gewürze","False","https://img.rewe-static.de/7588369/43765721_digital-image.png"
"Barilla Pastasauce Ricotta 400g","Barilla","8076809521543","4.19","400g (1 kg = 10,48 €)","Öle, Soßen & Gewürze","False","https://img.rewe-static.de/0762695/9529820_digital-image.png"
"Maggi Sauce zu Hackbraten 2er Pack ergibt 2x250ml","Maggi","4005500316534","0.79","2x0,25l (1 l = 1,58 €)","Öle, Soßen & Gewürze","True","https://img.rewe-static.de/6794068/7477890_digital-image.png"
"REWE Beste Wahl Muskatnuss ganz 12g","REWE Beste Wahl","4337256239134","1.99","12g (1 kg = 165,83 €)","Öle, Soßen & Gewürze","False","https://img.rewe-static.de/8338446/30109335_digital-image.png"
"Heinz Knoblauch Sauce 220ml","Heinz","8715700115801","2.29","220ml (1 l = 10,41 €)","Öle, Soßen & Gewürze","False","https://img.rewe-static.de/7096850/27152324_digital-image.png"
"Kinjirushi Wasabi 43g","KINJIRUSHI","4967825561023","3.29","43g (1 kg = 76,51 €)","Öle, Soßen & Gewürze","False","https://img.rewe-static.de/0063679/24078331_digital-image.png"
"Saldoro Meersalz Mühlensalz 500g","NA","4003885200356","1.99","500g (1 kg = 3,98 €)","Öle, Soßen & Gewürze","False","https://img.rewe-static.de/7218074/27676440_digital-image.png"
"REWE Beste Wahl Gelbe Curry Paste 110g","REWE Beste Wahl","4337256532303","1.39","110g (1 kg = 12,64 €)","Öle, Soßen & Gewürze","False","https://img.rewe-static.de/7734997/37971291_digital-image.png"
"Zum Dorfkrug American Salatsauce 250ml","Zum Dorfkrug","4260054650774","2.29","250ml (1 l = 9,16 €)","Öle, Soßen & Gewürze","False","https://img.rewe-static.de/2143243/22484865_digital-image.png"
"Feldmann Apfelessig 0,75l","Feldmann","4003894301266","1.59","750ml (1 l = 2,12 €)","Öle, Soßen & Gewürze","False","https://img.rewe-static.de/0156306/7465830_digital-image.png"
"Butcher's Barbecue Senf Sauce Mustard Dream Sweet Spicy 300ml","Butchers","25910315","1.49","300ml (1 l = 4,97 €)","Öle, Soßen & Gewürze","False","https://img.rewe-static.de/7614549/42940713_digital-image.png"
"Surig Essigessenz hell 400g","Surig","4003387005008","1.49","400g (1 kg = 3,73 €)","Öle, Soßen & Gewürze","False","https://img.rewe-static.de/7015353/26586193_digital-image.png"
"Thomy Les Sauces Hollandaise Vegan 250ml","Thomy","42353430","1.49","250ml (1 l = 5,96 €)","Öle, Soßen & Gewürze","False","https://img.rewe-static.de/7181627/27593644_digital-image.png"
"Aquasale Meersalz fein 500g","Aquasale","4001475211621","1.45","500g (1 kg = 2,90 €)","Öle, Soßen & Gewürze","False","https://img.rewe-static.de/2678482/27188374_digital-image.png"
"REWE Beste Wahl Sojasauce 250ml","REWE Beste Wahl","4337256832168","1.79","250ml (1 l = 7,16 €)","Öle, Soßen & Gewürze","False","https://img.rewe-static.de/1447517/24922048_digital-image.png"
"Ostmann Curry 30g","Ostmann","4002674042047","2.19","30g (1 kg = 73 €)","Öle, Soßen & Gewürze","False","https://img.rewe-static.de/4247795/7461960_digital-image.png"
"Oro di Parma Tomatenmark 2-fach konzentriert 70g","Oro di Parma","4008100169159","0.99","70g (1 kg = 14,14 €)","Öle, Soßen & Gewürze","False","https://img.rewe-static.de/2827876/25284697_digital-image.png"
"REWE Beste Wahl Knoblauch granuliert 52g","REWE Beste Wahl","4337256237062","1.99","52g (1 kg = 38,27 €)","Öle, Soßen & Gewürze","False","https://img.rewe-static.de/8575942/33904972_digital-image.png"
"Barilla Pesto alla Calabrese 190g","Barilla","8076809517751","3.49","190g (1 kg = 18,37 €)","Öle, Soßen & Gewürze","False","https://img.rewe-static.de/2350530/1674890_digital-image.png"
"Heinz Tomato Ketchup 50% weniger Zucker und Salz 220ml","Heinz","8715700124797","2.29","220ml (1 l = 10,41 €)","Öle, Soßen & Gewürze","False","https://img.rewe-static.de/8398604/31503406_digital-image.png"
"REWE Beste Wahl Apfelessig klar 1l","REWE Beste Wahl","4337256231350","1.59","1l","Öle, Soßen & Gewürze","False","https://img.rewe-static.de/8331440/30038452_digital-image.png"
"Block House Steak Sauce 240ml","Block House","4009286151273","3.49","240ml (1 l = 14,54 €)","Öle, Soßen & Gewürze","False","https://img.rewe-static.de/3247522/32613649_digital-image.png"
"Ostmann Italienische Kräuter 12,5g","Ostmann","4002674042801","2.19","12,50g (1 kg = 175,20 €)","Öle, Soßen & Gewürze","False","https://img.rewe-static.de/4200578/7467240_digital-image.png"
"Thomy Rot-Weiß Ketchup & Mayonnaise 200ml","Thomy","40052373","2.19","200ml (1 l = 10,95 €)","Öle, Soßen & Gewürze","False","https://img.rewe-static.de/0467138/3900350_digital-image.png"
"Develey Süß-sauer-Sauce 250ml","Develey","4006824000970","1.79","250ml (1 l = 7,16 €)","Öle, Soßen & Gewürze","False","https://img.rewe-static.de/2103004/21963541_digital-image.png"
"REWE Beste Wahl Reines Rapsöl 750ml","REWE Beste Wahl","4337256747950","2.39","750ml (1 l = 3,19 €)","Öle, Soßen & Gewürze","False","https://img.rewe-static.de/7624895/43316697_digital-image.png"
"REWE Bio Aceto Balsamico 500ml","REWE Bio","4337256151092","2.49","500ml (1 l = 4,98 €)","Öle, Soßen & Gewürze","False","https://img.rewe-static.de/0201396/2089560_digital-image.png"
"Maggi Helle Sauce 3er Pack ergibt 3 x 250ml","Maggi","4005500335450","0.79","3x0,25l (1 l = 1,05 €)","Öle, Soßen & Gewürze","True","https://img.rewe-static.de/4867262/7479410_digital-image.png"
"Biozentrale BioKids Bio Tomatensauce 350g","biozentrale","4005009106742","2.99","350g (1 kg = 8,54 €)","Öle, Soßen & Gewürze","False","https://img.rewe-static.de/1099999/23484213_digital-image.png"
"Barilla Pesto Ricotta e Noci alla Siciliana 190g","Barilla","8076809517881","3.49","190g (1 kg = 18,37 €)","Öle, Soßen & Gewürze","False","https://img.rewe-static.de/8756368/3728830_digital-image.png"
"Thomy Les Sauces Béchamel 250ml","Thomy","40056296","1.49","250ml (1 l = 5,96 €)","Öle, Soßen & Gewürze","False","https://img.rewe-static.de/4819519/7479940_digital-image.png"
"Kühne Senf mittelscharf 100ml","Kühne","40122243","0.99","100ml (1 l = 9,90 €)","Öle, Soßen & Gewürze","False","https://img.rewe-static.de/4908317/1914220_digital-image.png"
"Hela Gewürzketchup Curry Delikat 300ml","Hela","4027400148343","2.29","300ml (1 l = 7,63 €)","Öle, Soßen & Gewürze","False","https://img.rewe-static.de/9102670/42139794_digital-image.png"
"Ostmann Pfefferkörner schwarz 50g","Ostmann","4002674054651","2.39","50g (1 kg = 47,80 €)","Öle, Soßen & Gewürze","False","https://img.rewe-static.de/4203607/7459470_digital-image.png"
"REWE Bio + vegan Salat-Mayo 250ml","REWE Bio","4337256266444","1.99","250ml (1 l = 7,96 €)","Öle, Soßen & Gewürze","False","https://img.rewe-static.de/2717529/25417415_digital-image.png"
"REWE Beste Wahl Paprika Edelsüß gemahlen 50g","REWE Beste Wahl","4337256403573","1.99","50g (1 kg = 39,80 €)","Öle, Soßen & Gewürze","False","https://img.rewe-static.de/8005928/32252718_digital-image.png"
"Ostmann Oregano gerebelt 12,5g","Ostmann","4002674043952","1.99","12,50g (1 kg = 159,20 €)","Öle, Soßen & Gewürze","False","https://img.rewe-static.de/4248384/40236034_digital-image.png"
"Leimer Croûtons Kräuter 100g","Leimer","4000186038107","1.09","100g (1 kg = 10,90 €)","Öle, Soßen & Gewürze","False","https://img.rewe-static.de/4835069/27800055_digital-image.png"
"REWE Beste Wahl Garam Masala Gewürzmischung 33g","REWE Beste Wahl","4337256245340","1.99","33g (1 kg = 60,30 €)","Öle, Soßen & Gewürze","False","https://img.rewe-static.de/8330193/30061066_digital-image.png"
"REWE Beste Wahl Pfeffer bunt ganz 70g","REWE Beste Wahl","4337256413282","2.99","70g (1 kg = 42,71 €)","Öle, Soßen & Gewürze","False","https://img.rewe-static.de/8008348/31891938_digital-image.png"
"REWE Beste Wahl Thymian gerebelt 16g","REWE Beste Wahl","4337256241717","1.79","16g (1 kg = 111,88 €)","Öle, Soßen & Gewürze","False","https://img.rewe-static.de/8414795/31134576_digital-image.png"
"Hela Gewürzketchup 30% weniger Zucker 300ml","Hela","4027400148596","2.29","300ml (1 l = 7,63 €)","Öle, Soßen & Gewürze","False","https://img.rewe-static.de/8897592/38461533_digital-image.png"
"REWE Beste Wahl Cayennepfeffer gemahlen 39g","REWE Beste Wahl","4337256249324","1.99","39g (1 kg = 51,03 €)","Öle, Soßen & Gewürze","False","https://img.rewe-static.de/8412884/31138825_digital-image.png"
"P&W Remoulade dänischer Art 425g","P&W","5701018058704","1.99","425g (1 kg = 4,68 €)","Öle, Soßen & Gewürze","False","https://img.rewe-static.de/7712797/38620836_digital-image.png"
"Maggi Magic Asia Saucy Teriyaki 355g","Maggi","42421542","2.99","355g (1 kg = 8,42 €)","Öle, Soßen & Gewürze","False","https://img.rewe-static.de/7586463/43171742_digital-image.png"
"Develey Burger Sauce 250ml","Develey","4006824004404","1.79","250ml (1 l = 7,16 €)","Öle, Soßen & Gewürze","False","https://img.rewe-static.de/2479231/24397939_digital-image.png"
"REWE Beste Wahl Paprika scharf gemahlen 39g","REWE Beste Wahl","4337256216494","1.99","39g (1 kg = 51,03 €)","Öle, Soßen & Gewürze","False","https://img.rewe-static.de/7918809/33904992_digital-image.png"
"Feinkost Dittmann Ajvar mild 340ml","Feinkost Dittmann","4002239634205","2.79","340ml (1 l = 8,21 €)","Öle, Soßen & Gewürze","False","https://img.rewe-static.de/0950697/23692448_digital-image.png"
"REWE Beste Wahl Dijon Senf pikant-würzig 185ml","REWE Beste Wahl","4337256773751","1.49","185ml (1 l = 8,05 €)","Öle, Soßen & Gewürze","False","https://img.rewe-static.de/8290264/29376890_digital-image.png"
"Maggi Magic Asia Würzsauce Teriyaki 183ml","Maggi","42421504","2.99","183ml (1 l = 16,34 €)","Öle, Soßen & Gewürze","False","https://img.rewe-static.de/9082076/44009197_digital-image.png"
"Knorr Sauce Pur Bratensauce 4x28g","Knorr","8720182057211","1.99","4x28g (1 kg = 17,77 €)","Öle, Soßen & Gewürze","False","https://img.rewe-static.de/8647444/34372322_digital-image.png"
"REWE Feine Welt Fleur de Sel 130g","REWE Feine Welt","4388844151178","2.99","130g (1 kg = 23 €)","Öle, Soßen & Gewürze","False","https://img.rewe-static.de/2191019/23324591_digital-image.png"
"Fairtrade Original Sweet Chili Sauce 250ml","Fairtrade Original","8711741356234","2.99","250ml (1 l = 11,96 €)","Öle, Soßen & Gewürze","False","https://img.rewe-static.de/3380711/31502312_digital-image.png"
"REWE Bio Sesamöl Nativ 250ml","REWE Bio","4337256565066","3.99","250ml (1 l = 15,96 €)","Öle, Soßen & Gewürze","False","https://img.rewe-static.de/7923194/33782820_digital-image.png"
"Develey Sour Cream Sauce 250ml","Develey","4006824008884","1.79","250ml (1 l = 7,16 €)","Öle, Soßen & Gewürze","False","https://img.rewe-static.de/8516535/34111515_digital-image.png"
"Koch's Sauce für Graved Lachs 140ml","Koch's","40594279","1.79","140ml (1 l = 12,79 €)","Öle, Soßen & Gewürze","False","https://img.rewe-static.de/4242947/2110970_digital-image.png"
"Butcher´s Barbecue 1973 Sauce 300ml","Butchers","25914528","1.49","300ml (1 l = 4,97 €)","Öle, Soßen & Gewürze","False","https://img.rewe-static.de/9040343/42941037_digital-image.png"
"Knorr Speciale al Gusto Carbonara Soße 370 g","Knorr","8712566237067","1.99","370g (1 kg = 5,38 €)","Öle, Soßen & Gewürze","False","https://img.rewe-static.de/1299488/20675275_digital-image.png"
"REWE Bio Asia Sauce süß-sauer 325ml","REWE Bio","4388844149830","1.99","325ml (1 l = 6,12 €)","Öle, Soßen & Gewürze","False","https://img.rewe-static.de/2228245/23575922_digital-image.png"
"Brändle vita Walnussöl 100ml","Brändle","4008722010112","2.19","100ml (1 l = 21,90 €)","Öle, Soßen & Gewürze","False","https://img.rewe-static.de/2018560/23269924_digital-image.png"
"Leimer Croûtons ungewürzt 100g","Leimer","4000186036103","1.09","100g (1 kg = 10,90 €)","Öle, Soßen & Gewürze","False","https://img.rewe-static.de/4997913/2098340_digital-image.png"
"Maggi Magic Asia Würzsauce Gebratene Nudeln 190ml","Maggi","42421511","2.99","190ml (1 l = 15,74 €)","Öle, Soßen & Gewürze","False","https://img.rewe-static.de/7586788/43765908_digital-image.png"
"Real Thai Gelbe Curry-Paste 50g","Real Thai","8858135001391","1.39","50g (1 kg = 27,80 €)","Öle, Soßen & Gewürze","False","https://img.rewe-static.de/1905312/24081211_digital-image.png"
"Lee Kum Kee dunkle Sojasauce 150ml","Lee Kum Kee","4316734091662","1.99","150ml (1 l = 13,27 €)","Öle, Soßen & Gewürze","False","https://img.rewe-static.de/2373543/29384730_digital-image.png"
"Drews Knoblauchdressing 200g","Drews","4006495162700","1.59","200g (1 kg = 7,95 €)","Öle, Soßen & Gewürze","False","https://img.rewe-static.de/0168140/3065590_digital-image.png"
"Thomy Salat-Mayonnaise 250ml","Thomy","4005500087052","1.39","250ml (1 l = 5,56 €)","Öle, Soßen & Gewürze","False","https://img.rewe-static.de/0689300/2273100_digital-image.png"
"Develey BBQ-Sauce 250ml","Develey","4006824000246","1.79","250ml (1 l = 7,16 €)","Öle, Soßen & Gewürze","False","https://img.rewe-static.de/2103005/21963538_digital-image.png"
"Ostmann Kümmel ganz 35g","Ostmann","4002674043259","2.49","35g (1 kg = 71,14 €)","Öle, Soßen & Gewürze","False","https://img.rewe-static.de/4248287/7471570_digital-image.png"
"Knorr Salatkrönung Frühlingskräuter 5 Stück","Knorr","8712423012509","1.49","40ml (1 kg = 37,25 €)","Öle, Soßen & Gewürze","False","https://img.rewe-static.de/7224187/27642900_digital-image.png"
"De Cecco Pesto Rosso mit Mascarpone 200g","De Cecco","8001250010940","3.49","200g (1 kg = 17,45 €)","Öle, Soßen & Gewürze","False","https://img.rewe-static.de/8273822/31501452_digital-image.png"
"Cock Red Curry Paste 50g","Cock","84909002198","0.99","50g","Öle, Soßen & Gewürze","False","https://img.rewe-static.de/8181421/41789820_digital-image.png"
"Heinz Cocktail Sauce 220ml","Heinz","8715700411231","2.29","220ml (1 l = 10,41 €)","Öle, Soßen & Gewürze","False","https://img.rewe-static.de/0332374/1353720_digital-image.png"
"REWE Beste Wahl Burger Gewürz 41g","REWE Beste Wahl","4337256481311","1.99","41g (1 kg = 48,54 €)","Öle, Soßen & Gewürze","False","https://img.rewe-static.de/7776979/36884602_digital-image.png"
"REWE Beste Wahl Brathähnchen Gewürzmischung 54g","REWE Beste Wahl","4337256457774","1.99","54g (1 kg = 36,85 €)","Öle, Soßen & Gewürze","False","https://img.rewe-static.de/7789436/36568890_digital-image.png"
"Ostmann Hackfleisch-Würzer 80g","Ostmann","4002674052657","2.19","80g (1 kg = 27,38 €)","Öle, Soßen & Gewürze","False","https://img.rewe-static.de/4576799/7471660_digital-image.png"
"Grossmann Hausfrauen-Remoulade 200g","Grossmann","4006495162908","1.89","200g (1 kg = 9,45 €)","Öle, Soßen & Gewürze","False","https://img.rewe-static.de/0181349/31403142_digital-image.png"
"Bad Reichenhaller Hähnchensalz 90g","Bad Reichenhaller","4001475119750","1.85","90g (1 kg = 20,56 €)","Öle, Soßen & Gewürze","False","https://img.rewe-static.de/7998895/39681054_digital-image.png"
"REWE Beste Wahl Pfeffer weiß gemahlen 45g","REWE Beste Wahl","4337256247467","1.99","45g (1 kg = 44,22 €)","Öle, Soßen & Gewürze","False","https://img.rewe-static.de/8012498/31140094_digital-image.png"
"REWE Bio Kürbiskernöl 250ml","REWE Bio","4337256570633","5.99","250ml (1 l = 23,96 €)","Öle, Soßen & Gewürze","False","https://img.rewe-static.de/8872847/37739032_digital-image.png"
"Just Spices Bolognese Gewürz 45g","Just Spices","4260431673730","4.99","45g (1 kg = 110,89 €)","Öle, Soßen & Gewürze","False","https://img.rewe-static.de/8266257/30062586_digital-image.png"
"Bamboo Garden Chinesische Sojasauce 200ml","Bamboo Garden","4023900546320","2.99","200ml (1 l = 14,95 €)","Öle, Soßen & Gewürze","False","https://img.rewe-static.de/7749204/39152269_digital-image.png"
"Bad Reichenhaller Marken-Jodsalz mit Fluorid+Folsäure 125g","Bad Reichenhaller","4001475105708","0.99","125g (1 kg = 7,92 €)","Öle, Soßen & Gewürze","False","https://img.rewe-static.de/9742115/22635036_digital-image.png"
"Becel Omega-3 Pflanzenöl Classic 500ml","Becel","8719200034259","3.49","500ml (1 l = 6,98 €)","Öle, Soßen & Gewürze","False","https://img.rewe-static.de/3203534/26207024_digital-image.png"
"Werder Feinkost Tomatenketchup 450ml","Werder Feinkost","4400139000067","2.29","450ml (1 l = 5,09 €)","Öle, Soßen & Gewürze","False","https://img.rewe-static.de/7170327/20674902_digital-image.png"
"Knorr Salatkrönung Croutinos mit Zwiebeln 25g","Knorr","4038700119711","0.89","25g (1 kg = 35,60 €)","Öle, Soßen & Gewürze","False","https://img.rewe-static.de/8144389/2114040_digital-image.png"
"Kikkoman Soja Sauce 150ml","Kikkoman","8715035110106","3.49","150ml (1 l = 23,27 €)","Öle, Soßen & Gewürze","False","https://img.rewe-static.de/0825980/30802841_digital-image.png"
"Develey Our Original Mayonnaise 500ml","Develey","4006824003759","2.99","500ml (1 l = 5,98 €)","Öle, Soßen & Gewürze","False","https://img.rewe-static.de/7165847/27445640_digital-image.png"
"REWE Bio Bratöl 750ml","REWE Bio","4337256606165","2.85","750ml (1 l = 3,80 €)","Öle, Soßen & Gewürze","False","https://img.rewe-static.de/8985750/39931148_digital-image.png"
"De Cecco Natives Olivenöl extra Classico 500ml","De Cecco","8001250012968","7.49","500ml (1 l = 14,98 €)","Öle, Soßen & Gewürze","False","https://img.rewe-static.de/8104730/28768542_digital-image.png"
"Barilla Pesto Basilico Vegan 195g","Barilla","8076809572569","3.49","195g (1 kg = 17,90 €)","Öle, Soßen & Gewürze","False","https://img.rewe-static.de/3263361/26586190_digital-image.png"
"Bamboo Garden Reisessig 140ml","Bamboo Garden","4023900543183","1.99","140ml (1 l = 14,21 €)","Öle, Soßen & Gewürze","False","https://img.rewe-static.de/2178431/22906441_digital-image.png"
"REWE Beste Wahl Pastasauce Tomate-Basilikum 200g","REWE Beste Wahl","4337256668675","1.89","200g (1 kg = 9,45 €)","Öle, Soßen & Gewürze","False","https://img.rewe-static.de/0117945/22951583_digital-image.png"
"Miracel Whip Salatcreme Original 23% 250ml","Miracel Whip","4000339057726","1.99","250ml (1 l = 7,96 €)","Öle, Soßen & Gewürze","False","https://img.rewe-static.de/0159379/1603400_digital-image.png"
"Maggi Sauce zu Geflügel 2er Pack ergibt 2x250ml","Maggi","7613035442122","0.79","2x0,25l (1 l = 1,58 €)","Öle, Soßen & Gewürze","True","https://img.rewe-static.de/2741479/24895857_digital-image.png"
"Ostmann Zwiebeln granuliert 40g","Ostmann","4002674046359","2.29","40g (1 kg = 57,25 €)","Öle, Soßen & Gewürze","False","https://img.rewe-static.de/4266315/39876661_digital-image.png"
"Block House Salat-Dressing Caesar 250ml","Block House","4009286155844","2.99","250ml (1 l = 11,96 €)","Öle, Soßen & Gewürze","False","https://img.rewe-static.de/0966837/20171820_digital-image.png"
"REWE Beste Wahl Gyros Gewürzsalz 48g","REWE Beste Wahl","4337256242134","1.99","48g (1 kg = 41,46 €)","Öle, Soßen & Gewürze","False","https://img.rewe-static.de/8351000/30061075_digital-image.png"
"Develey Our Original Tomato Ketchup 500ml","Develey","4006824003551","2.39","500ml (1 l = 4,78 €)","Öle, Soßen & Gewürze","False","https://img.rewe-static.de/7171328/47428822_digital-image.png"
"Knorr Feinschmecker Champignon Rahm Soße 250 ml","Knorr","4038700114136","1.29","37ml (1 kg = 34,86 €)","Öle, Soßen & Gewürze","False","https://img.rewe-static.de//4743474/1159820_digital-image.png"
"Zum Dorfkrug Sylter Salatfrische 500ml","Zum Dorfkrug","4260054650026","3.29","500ml (1 l = 6,58 €)","Öle, Soßen & Gewürze","False","https://img.rewe-static.de/0105030/2085730_digital-image.png"
"Ben's Original Sauce süß-sauer extra Ananas 400g","Ben's Original","4002359015229","2.79","400g (1 kg = 6,98 €)","Öle, Soßen & Gewürze","False","https://img.rewe-static.de/2675781/2505550_digital-image.png"
"Barilla Pastasauce Arrabbiata 400g","Barilla","8076809513388","3.19","400g (1 kg = 7,98 €)","Öle, Soßen & Gewürze","False","https://img.rewe-static.de/4603087/1635910_digital-image.png"
"Löwensenf Extra scharf 250ml","Löwensenf","42094722","1.79","250ml (1 l = 7,16 €)","Öle, Soßen & Gewürze","False","https://img.rewe-static.de/4584376/3872970_digital-image.png"
"De Cecco Bio Natives Olivenöl Extra 500ml","De Cecco","8001250015235","9.99","500ml (1 l = 19,98 €)","Öle, Soßen & Gewürze","False","https://img.rewe-static.de/8475575/32112160_digital-image.png"
"Barilla Pastasauce Toscana Kräuter 400g","Barilla","8076809523561","3.19","400g (1 kg = 7,98 €)","Öle, Soßen & Gewürze","False","https://img.rewe-static.de/3454142/3495740_digital-image.png"
"Just Spices Hähnchen Allrounder 79g","Just Spices","4260401174465","4.99","79g (1 kg = 63,16 €)","Öle, Soßen & Gewürze","False","https://img.rewe-static.de/2454822/27191436_digital-image.png"
"Ostmann Tomaten Mozzarella Gewürzsalz 60g","Ostmann","4002674045888","2.29","60g (1 kg = 38,17 €)","Öle, Soßen & Gewürze","False","https://img.rewe-static.de/7075038/31504879_digital-image.png"
"Biozentrale Bio Tomatenmark 200g","biozentrale","4005009100474","2.49","200g (1 kg = 12,45 €)","Öle, Soßen & Gewürze","False","https://img.rewe-static.de/1239037/23484198_digital-image.png"
"REWE Beste Wahl Zimtstangen ganz 4 Stück","REWE Beste Wahl","4337256415996","1.99","4 Stück","Öle, Soßen & Gewürze","False","https://img.rewe-static.de/8006846/32050859_digital-image.png"
"Just Spices Bratkartoffelgewürz 72g","Just Spices","4260401174496","4.99","72g (1 kg = 69,31 €)","Öle, Soßen & Gewürze","False","https://img.rewe-static.de/2415354/27191429_digital-image.png"
"Hela Gewürzketchup Curry leicht scharf 300ml","Hela","4027400148398","2.29","300ml (1 l = 7,63 €)","Öle, Soßen & Gewürze","False","https://img.rewe-static.de/9014593/41789788_digital-image.png"
"Just Spices Kartoffel Allrounder 60g","Just Spices","4260431673297","4.99","60g (1 kg = 83,17 €)","Öle, Soßen & Gewürze","False","https://img.rewe-static.de/8343770/32081918_digital-image.png"
"Knorr Feinschmecker Curry Sauce 250ml","Knorr","8711200384150","1.29","47ml (1 kg = 27,45 €)","Öle, Soßen & Gewürze","False","https://img.rewe-static.de/8147506/31503628_digital-image.png"
"Just Spices Pasta Allrounder 45g","Just Spices","4260431671088","5.49","45g (1 kg = 122 €)","Öle, Soßen & Gewürze","False","https://img.rewe-static.de/8265770/31150190_digital-image.png"
"Just Spices Meat Allrounder 50g","Just Spices","4260431671996","4.99","50g (1 kg = 99,80 €)","Öle, Soßen & Gewürze","False","https://img.rewe-static.de/8256967/33145875_digital-image.png"
"Ostmann Senfkörner 100g","Ostmann","4002674075458","3.59","100g (1 kg = 35,90 €)","Öle, Soßen & Gewürze","False","https://img.rewe-static.de/4238923/7460010_digital-image.png"
"Thomy Les Sauces Hollandaise für Gemüse 250ml","Thomy","40345628","1.49","250ml (1 l = 5,96 €)","Öle, Soßen & Gewürze","False","https://img.rewe-static.de/0920346/22484635_digital-image.png"
"REWE Bio Naturland Koriander Samen gemahlen 30g","REWE Bio","4337256449243","1.99","30g (1 kg = 66,33 €)","Öle, Soßen & Gewürze","False","https://img.rewe-static.de/7794926/36647147_digital-image.png"
"REWE Beste Wahl Tajine orientalisches Gewürz 33g","REWE Beste Wahl","4337256463898","1.99","33g (1 kg = 60,30 €)","Öle, Soßen & Gewürze","False","https://img.rewe-static.de/8782582/36887889_digital-image.png"
"REWE Feine Welt Bird's Eye Chili Mühle 20g","REWE Feine Welt","4337256435420","5.99","20g (1 kg = 299,50 €)","Öle, Soßen & Gewürze","False","https://img.rewe-static.de/8747226/36123908_digital-image.png"
"Block House Zauber Gewürz 280g","Block House","4009286151075","9.99","280g (1 kg = 35,68 €)","Öle, Soßen & Gewürze","False","https://img.rewe-static.de/8081156/30825615_digital-image.png"
"Ostmann Paprika edelsüß 50g","Ostmann","4002674054071","2.19","50g (1 kg = 43,80 €)","Öle, Soßen & Gewürze","False","https://img.rewe-static.de/4203585/7452210_digital-image.png"
"Just Spices Italian Allrounder 57g","Just Spices","4260401175004","3.99","57g (1 kg = 70 €)","Öle, Soßen & Gewürze","False","https://img.rewe-static.de/2415336/27188777_digital-image.png"
"Just Spices Rührei Gewürzmix 60g","Just Spices","4262386341634","4.99","60g (1 kg = 83,17 €)","Öle, Soßen & Gewürze","False","https://img.rewe-static.de/8890669/39415726_digital-image.png"
"Maggi Helle Sauce nach Art Hollandaise 2er Pack ergibt 2x250ml","Maggi","7613035442085","0.79","2x0,25l (1 l = 1,58 €)","Öle, Soßen & Gewürze","True","https://img.rewe-static.de/2741484/24895910_digital-image.png"
"Heinz Tomato Frito 350g","Heinz","8410066140374","0.99","350g (1 kg = 2,83 €)","Öle, Soßen & Gewürze","True","https://img.rewe-static.de/8946807/39729606_digital-image.png"
"Bad Reichenhaller Jodsalz mit Fluorid+Folsäure 500g","Bad Reichenhaller","4001475105609","0.89","500g (1 kg = 1,78 €)","Öle, Soßen & Gewürze","False","https://img.rewe-static.de/3112195/3848370_digital-image.png"
"REWE Beste Wahl Creme mit Aceto Balsamico di Modena IGP 250ml","REWE Beste Wahl","4388844019805","2.69","250ml (1 l = 10,76 €)","Öle, Soßen & Gewürze","False","https://img.rewe-static.de/0888363/23928271_digital-image.png"
"REWE Bio Tahini Sesammus 300g","REWE Bio","4337256644792","3.89","300g (1 kg = 12,97 €)","Öle, Soßen & Gewürze","False","https://img.rewe-static.de/8961375/40729112_digital-image.png"
"REWE Beste Wahl Pasta Sauce Tomate-Ricotta 380ml","REWE Beste Wahl","4337256794176","1.89","380ml (1 l = 4,97 €)","Öle, Soßen & Gewürze","False","https://img.rewe-static.de/7267358/28864986_digital-image.png"
"REWE Beste Wahl Olivenöl raffiniert 500ml","REWE Beste Wahl","4337256079792","6.99","500ml (1 l = 13,98 €)","Öle, Soßen & Gewürze","False","https://img.rewe-static.de/7288865/28854683_digital-image.png"
"Oro di Parma Bio Tomatenmark 2-fach konzentriert 200g","Oro di Parma","4008100169326","2.29","200g (1 kg = 11,45 €)","Öle, Soßen & Gewürze","False","https://img.rewe-static.de/7178548/27298689_digital-image.png"
"REWE Beste Wahl Muskatnuss gemahlen 40g","REWE Beste Wahl","4337256243858","2.49","40g (1 kg = 62,25 €)","Öle, Soßen & Gewürze","False","https://img.rewe-static.de/8414679/31140574_digital-image.png"
"REWE Bio Naturland Paprika edelsüß 45g","REWE Bio","4337256887830","2.69","45g (1 kg = 59,78 €)","Öle, Soßen & Gewürze","False","https://img.rewe-static.de/8758523/36478645_digital-image.png"
"REWE Beste Wahl Pesto Rosso 190g","REWE Beste Wahl","4337256795821","1.99","190g (1 kg = 10,47 €)","Öle, Soßen & Gewürze","False","https://img.rewe-static.de/7801949/37273323_digital-image.png"
"Tabasco Pfeffersauce Rot 60ml","Tabasco","11210002173","3.49","60ml (1 l = 58,17 €)","Öle, Soßen & Gewürze","False","https://img.rewe-static.de/7084336/26792524_digital-image.png"
"Biozentrale Bio Sesam-Öl 100ml","biozentrale","4005009103017","2.99","100ml (1 l = 29,90 €)","Öle, Soßen & Gewürze","False","https://img.rewe-static.de/1102190/23478867_digital-image.png"
"Rapsgold hoch erhitzbares Rapsöl mit Buttergeschmack 750ml","Rapsgold","4260106710326","3.99","750ml (1 l = 5,32 €)","Öle, Soßen & Gewürze","False","https://img.rewe-static.de/2284059/31505062_digital-image.png"
"REWE Bio Lorbeerblätter ganz 5g","REWE Bio","4388844104372","2.49","5g","Öle, Soßen & Gewürze","False","https://img.rewe-static.de/1424811/23088197_digital-image.png"
"REWE Bio Kräuter italienischer Art 20g","REWE Bio","4337256877053","1.99","20g (1 kg = 99,50 €)","Öle, Soßen & Gewürze","False","https://img.rewe-static.de/9983676/44503607_digital-image.png"
"REWE Bio + vegan Remoulade 250g","REWE Bio","4337256258647","1.99","250ml (1 l = 7,96 €)","Öle, Soßen & Gewürze","False","https://img.rewe-static.de/7981357/31905012_digital-image.png"
"REWE Bio Kurkuma gemahlen 45g","REWE Bio","4337256448819","2.99","45g (1 kg = 66,44 €)","Öle, Soßen & Gewürze","False","https://img.rewe-static.de/8819370/36478633_digital-image.png"
"Rewe Beste Wahl Ingwer gemahlen 28g","REWE Beste Wahl","4337256244558","1.99","28g (1 kg = 71,07 €)","Öle, Soßen & Gewürze","False","https://img.rewe-static.de/8415305/31138903_digital-image.png"
"Bertolli Cucina Olivenöl 500ml","Bertolli","8002470031920","9.99","500ml (1 l = 19,98 €)","Öle, Soßen & Gewürze","False","https://img.rewe-static.de/4874854/27775625_digital-image.png"
"Fairtrade Original Thailändisches Gelbes Curry 70g","Fairtrade Original","8711741356074","2.29","70g (1 kg = 32,71 €)","Öle, Soßen & Gewürze","False","https://img.rewe-static.de/3380710/31502315_digital-image.png"
"Maggi Sauce zu Schweinebraten 2er Pack ergibt 2x250ml","Maggi","7613035441927","0.79","2x0,25l (1 l = 1,58 €)","Öle, Soßen & Gewürze","True","https://img.rewe-static.de/2741477/24895916_digital-image.png"
"Ostmann Oregano gerebelt 25g","Ostmann","4002674073959","2.79","25g (1 kg = 111,60 €)","Öle, Soßen & Gewürze","False","https://img.rewe-static.de/4248490/7465890_digital-image.png"
"Kikkoman Sojasauce Glutenfrei 250ml","Kikkoman","8715035150300","4.49","250ml (1 l = 17,96 €)","Öle, Soßen & Gewürze","False","https://img.rewe-static.de/1075815/11005820_digital-image.png"
"REWE Bio Curry Sauce Indische Art vegan 325ml","REWE Bio","4337256819664","1.99","325ml (1 l = 6,12 €)","Öle, Soßen & Gewürze","False","https://img.rewe-static.de/9086786/43270019_digital-image.png"
"Ostmann Petersilie gerebelt 5g","Ostmann","4002674044379","2.29","5g","Öle, Soßen & Gewürze","False","https://img.rewe-static.de/4262263/9689450_digital-image.png"
"Ostmann Chili Flocken 45g","Ostmann","4002674052114","2.39","45g (1 kg = 53,11 €)","Öle, Soßen & Gewürze","False","https://img.rewe-static.de/0988941/8306950_digital-image.png"
"Wolfram Berge Tessiner Senfsauce Feige 200ml","Wolfram Berge","4003185016671","6.99","200ml (1 l = 34,95 €)","Öle, Soßen & Gewürze","False","https://img.rewe-static.de/2861100/4784490_digital-image.png"
"Feinkost Dittmann Ajvar scharf 340ml","Feinkost Dittmann","4002239634106","2.79","340ml (1 l = 8,21 €)","Öle, Soßen & Gewürze","False","https://img.rewe-static.de/0953716/23692451_digital-image.png"
"REWE Bio Avocado Gewürzzubereitung 30g","REWE Bio","4337256450249","2.69","30g (1 kg = 89,67 €)","Öle, Soßen & Gewürze","False","https://img.rewe-static.de/8756269/38959479_digital-image.png"
"REWE Bio Asia-Sauce Thai-Curry 325ml","REWE Bio","4388844149588","1.99","325ml (1 l = 6,12 €)","Öle, Soßen & Gewürze","False","https://img.rewe-static.de/2228247/23565096_digital-image.png"
"Albaöl Rapsöl mit Buttergeschmack 0,75l","Albaöl","7313840049263","6.99","750ml (1 l = 9,32 €)","Öle, Soßen & Gewürze","False","https://img.rewe-static.de/0573180/9280710_digital-image.png"
"Bautz'ner Senf mittelscharf 1l","Bautz'ner","4012860003141","2.09","1kg","Öle, Soßen & Gewürze","False","https://img.rewe-static.de/6685935/6796170_digital-image.png"
"Kikkoman Sojasauce salzreduziert 250ml","Kikkoman","8715035130302","4.49","250ml (1 l = 17,96 €)","Öle, Soßen & Gewürze","False","https://img.rewe-static.de/0979400/25970210_digital-image.png"
"REWE Beste Wahl Bohnenkraut gerebelt 13g","REWE Beste Wahl","4337256236171","1.79","13g (1 kg = 137,69 €)","Öle, Soßen & Gewürze","False","https://img.rewe-static.de/8014781/31138698_digital-image.png"
"Thomy Delikatess-Mayonnaise mit reinem Sonnenblumenöl 250ml","Thomy","4005500087038","2.19","250ml (1 l = 8,76 €)","Öle, Soßen & Gewürze","False","https://img.rewe-static.de/0101524/3886380_digital-image.png"
"REWE Feine Welt Steirisches Kürbiskernöl 250ml","REWE Feine Welt","4337256700559","4.99","250ml (1 l = 19,96 €)","Öle, Soßen & Gewürze","False","https://img.rewe-static.de/2756740/25367465_digital-image.png"
"De Cecco Pesto Alla Genovese 190g","De Cecco","8001250016522","3.29","190g (1 kg = 17,32 €)","Öle, Soßen & Gewürze","False","https://img.rewe-static.de/8698417/34885965_digital-image.png"
"Hela Bio Gewürzketchup Delikat 300ml","Hela","4027400148565","2.69","300ml (1 l = 8,97 €)","Öle, Soßen & Gewürze","False","https://img.rewe-static.de/9014256/41789551_digital-image.png"
"Ostmann Rosen-Paprika scharf 35g","Ostmann","4002674044119","2.19","35g (1 kg = 62,57 €)","Öle, Soßen & Gewürze","False","https://img.rewe-static.de/4248430/7474660_digital-image.png"
"Thomy Feige Senf Dressing 350ml","Thomy","42402749","2.19","350ml (1 l = 6,26 €)","Öle, Soßen & Gewürze","False","https://img.rewe-static.de/7932873/32588750_digital-image.png"
"Ostmann Kurkuma gemahlen 40g","Ostmann","4002674041934","2.29","40g (1 kg = 57,25 €)","Öle, Soßen & Gewürze","False","https://img.rewe-static.de/9052731/43088975_digital-image.png"
"Bertolli Pesto Rosso Glas 185g","Bertolli","8712247232954","3.29","185g (1 kg = 17,78 €)","Öle, Soßen & Gewürze","False","https://img.rewe-static.de/3957055/1144730_digital-image.png"
"Flying Goose Sriracha Chilisauce sehr scharf 200ml","FLYING GOOSE","8853662056050","2.29","200ml (1 l = 11,45 €)","Öle, Soßen & Gewürze","False","https://img.rewe-static.de/3253925/26555769_digital-image.png"
"Hela Tomatenketchup 300ml","Hela","4027400102116","2.49","300ml (1 l = 8,30 €)","Öle, Soßen & Gewürze","False","https://img.rewe-static.de/8728306/35783494_digital-image.png"
"REWE Feine Welt Condimento Bianco Helles Italien 250ml","REWE Feine Welt","4337256260756","4.99","250ml (1 l = 19,96 €)","Öle, Soßen & Gewürze","False","https://img.rewe-static.de/1105483/11298810_digital-image.png"
"REWE Geheimzutat N°3 Stückige Tomatensauce von Tim Mälzer 350g","REWE Geheimzutat","4337256652933","1.99","350g (1 kg = 5,69 €)","Öle, Soßen & Gewürze","False","https://img.rewe-static.de/7670094/42629931_digital-image.png"
"REWE Bio Naturland Schwarzkümmel ganz 60g","REWE Bio","4337256429481","1.99","60g (1 kg = 33,17 €)","Öle, Soßen & Gewürze","False","https://img.rewe-static.de/8819950/36456115_digital-image.png"
"Top Taste Röstzwiebeln 100g","NA","8718144570298","1.39","100g (1 kg = 13,90 €)","Öle, Soßen & Gewürze","False","https://img.rewe-static.de/7701104/39928600_digital-image.png"
"BioWagner Pfeffer Schwarz Ganz 50g","Bio Wagner","4049164124579","3.29","50g (1 kg = 65,80 €)","Öle, Soßen & Gewürze","False","https://img.rewe-static.de/9008400/39489494_digital-image.png"
"REWE Feine Welt Aceto Balsamico di Modena I.G.P. Invecchiato 250ml","REWE Feine Welt","4337256605601","5.49","250ml (1 l = 21,96 €)","Öle, Soßen & Gewürze","False","https://img.rewe-static.de/8568054/33211765_digital-image.png"
"REWE Beste Wahl Tomatengewürzsalz 65g","REWE Beste Wahl","4337256661744","1.99","65g","Öle, Soßen & Gewürze","False","https://img.rewe-static.de/8961254/40437681_digital-image.png"
"REWE Beste Wahl Gewürzmischung Pizza & Pasta 11g","REWE Beste Wahl","4337256656221","1.99","11g","Öle, Soßen & Gewürze","False","https://img.rewe-static.de/8947385/40232990_digital-image.png"
"Bautz'ner Senf scharf 200ml","Bautz'ner","4012860003219","0.55","200ml (1 l = 2,75 €)","Öle, Soßen & Gewürze","False","https://img.rewe-static.de/9141928/5339980_digital-image.png"
"Ostmann Chiliflocken 30g","Ostmann","4002674041491","2.39","30g (1 kg = 79,67 €)","Öle, Soßen & Gewürze","False","https://img.rewe-static.de/8019153/40550687_digital-image.png"
"Carbonell Sonnen & Olivenöl 750ml","Carbonell","8410010511977","4.99","750ml (1 l = 6,65 €)","Öle, Soßen & Gewürze","False","https://img.rewe-static.de/9942466/45468976_digital-image.png"
"De Cecco Natives Olivenöl extra 500ml","De Cecco","8001250015211","11.99","500ml (1 l = 23,98 €)","Öle, Soßen & Gewürze","False","https://img.rewe-static.de/8476379/32111661_digital-image.png"
"Pomito Pizza und Pastasauce 500g","Pomito","8032793343400","2.49","500g (1 kg = 4,98 €)","Öle, Soßen & Gewürze","False","https://img.rewe-static.de/8269674/29000662_digital-image.png"
"Bautz'ner Senf mittelscharf 500ml","Bautz'ner","4012860983153","1.99","500ml (1 l = 3,98 €)","Öle, Soßen & Gewürze","False","https://img.rewe-static.de/8977800/38391152_digital-image.png"
"Ostmann Kräutersalz fein 70g","Ostmann","4002674043235","2.49","70g (1 kg = 35,57 €)","Öle, Soßen & Gewürze","False","https://img.rewe-static.de/7604538/43100507_digital-image.png"
"Biozentrale Bio Lein-Öl 250ml","biozentrale","4005009102997","3.99","250ml (1 l = 15,96 €)","Öle, Soßen & Gewürze","False","https://img.rewe-static.de/1102193/21038504_digital-image.png"
"Biozentrale BioKids Bio Tomaten-Gemüse-Sauce 350g","biozentrale","4005009102874","3.49","350g (1 kg = 9,97 €)","Öle, Soßen & Gewürze","False","https://img.rewe-static.de/7673776/44321581_digital-image.png"
"BioWagner Bio Basilikum getrocknet 15g","Bio Wagner","4049164124043","2.29","15g (1 kg = 152,67 €)","Öle, Soßen & Gewürze","False","https://img.rewe-static.de/8921364/39489726_digital-image.png"
"Maggi Würzmischung 1 für gebratenes Fleisch Streuer 78g","Maggi","4005500027843","1.79","78g (1 kg = 22,95 €)","Öle, Soßen & Gewürze","False","https://img.rewe-static.de/5346088/1240610_digital-image.png"
"Ostmann Bohnenkraut gerebelt 15g","Ostmann","4002674041309","2.19","15g (1 kg = 146 €)","Öle, Soßen & Gewürze","False","https://img.rewe-static.de/4247671/7473220_digital-image.png"
"Biozentrale Bio Walnuss-Öl 100ml","biozentrale","4005009103024","5.49","100ml (1 l = 54,90 €)","Öle, Soßen & Gewürze","False","https://img.rewe-static.de/1102189/23478900_digital-image.png"
"Ostmann Zimtstangen 10 Stück","Ostmann","4002674071559","3.99","10 Stück","Öle, Soßen & Gewürze","False","https://img.rewe-static.de/4589564/7461930_digital-image.png"
"Biozentrale Bio Oliven-Öl 500ml","biozentrale","4005009102973","12.49","500ml (1 l = 24,98 €)","Öle, Soßen & Gewürze","False","https://img.rewe-static.de/1116131/23478858_digital-image.png"
"Biozentrale BioKids Bio Linsen-Bolognese vegan 350g","biozentrale","4005009102881","3.49","350g (1 kg = 9,97 €)","Öle, Soßen & Gewürze","False","https://img.rewe-static.de/7573982/43765891_digital-image.png"
"Dr. Höhl's Bio-Ess Bio Apfelessig klar 500ml","DR. HÖHL’S","4260381910015","2.79","500ml (1 l = 5,58 €)","Öle, Soßen & Gewürze","False","https://img.rewe-static.de/3553647/3614750_digital-image.png"
"Butcher's Barbecue Gin BBQ Sauce 300ml","Butchers","25909715","1.49","300ml (1 l = 4,97 €)","Öle, Soßen & Gewürze","False","https://img.rewe-static.de/9039548/42941035_digital-image.png"
"Hela Gewürzketchup Curry extra scharf 300ml","Hela","4027400148473","2.29","300ml (1 l = 7,63 €)","Öle, Soßen & Gewürze","False","https://img.rewe-static.de/7631218/41788816_digital-image.png"
"Hellmann's Tomato Ketchup 500ml","Hellmann's","8720182797544","3.19","500ml (1 l = 6,38 €)","Öle, Soßen & Gewürze","False","https://img.rewe-static.de/9059093/42745832_digital-image.png"
"REWE Feine Welt Safran gemahlen","NA","4337256030717","4.99","0,40g","Öle, Soßen & Gewürze","False","https://img.rewe-static.de/8428815/31147809_digital-image.png"
"REWE Beste Wahl Chicken Rub Trockenmarinade 100g","REWE Beste Wahl","4337256653985","2.99","100g","Öle, Soßen & Gewürze","False","https://img.rewe-static.de/9028990/39947743_digital-image.png"
"REWE Bio Nelken ganz 30g","REWE Bio","4337256449335","2.99","30g (1 kg = 99,67 €)","Öle, Soßen & Gewürze","False","https://img.rewe-static.de/7795278/36693799_digital-image.png"
"REWE Beste Wahl Mexican Style 39g","REWE Beste Wahl","4337256479844","1.99","39g","Öle, Soßen & Gewürze","False","https://img.rewe-static.de/8783875/39493113_digital-image.png"
"Brändle vita Natives Olivenöl 100ml","Brändle","4008722006115","2.79","100ml (1 l = 27,90 €)","Öle, Soßen & Gewürze","False","https://img.rewe-static.de/2018420/43523225_digital-image.png"
"Fairtrade Original Thailändisches Grünes Curry 70g","Fairtrade Original","8711741356036","2.29","70g (1 kg = 32,71 €)","Öle, Soßen & Gewürze","False","https://img.rewe-static.de/3380717/31502316_digital-image.png"
"REWE Bio Naturland Meersalz jodiert 200g","REWE Bio","4337256439596","1.99","200g (1 kg = 9,95 €)","Öle, Soßen & Gewürze","False","https://img.rewe-static.de/8750795/36329410_digital-image.png"
"BioWagner Bio Fenchelsamen ganz 30g","Bio Wagner","4049164124173","2.29","30g (1 kg = 76,33 €)","Öle, Soßen & Gewürze","False","https://img.rewe-static.de/8923774/39489854_digital-image.png"
"Naturpura Bio Schwarzkümmelöl 100ml","NA","4039076088304","7.99","100ml (1 l = 79,90 €)","Öle, Soßen & Gewürze","False","https://img.rewe-static.de/8320641/30061976_digital-image.png"
"Ostmann Knoblauch Granuliert 60g","Ostmann","4002674053135","2.49","60g (1 kg = 41,50 €)","Öle, Soßen & Gewürze","False","https://img.rewe-static.de/4202031/23679832_digital-image.png"
"REWE Beste Wahl Prachtstulle 50g","REWE Beste Wahl","4337256396578","1.99","50g","Öle, Soßen & Gewürze","False","https://img.rewe-static.de/7791360/35706667_digital-image.png"
"Ostmann Steak & Grill Gewürzsalz 60g","Ostmann","4002674045550","2.29","60g (1 kg = 38,17 €)","Öle, Soßen & Gewürze","False","https://img.rewe-static.de/7074929/31504878_digital-image.png"
"Develey Garten Kräuter Dressing 75ml","Develey","4006824028219","0.59","75ml (1 l = 7,87 €)","Öle, Soßen & Gewürze","False","https://img.rewe-static.de/7245796/28592690_digital-image.png"
"Knorr Salatkrönung Balsamico-Kräuter 5x11g, 55g","Knorr","8714100823613","1.49","55g (1 kg = 27,09 €)","Öle, Soßen & Gewürze","False","https://img.rewe-static.de/7177152/27570913_digital-image.png"
"Sonnen Bassermann Kartoffel mal anders Kräuterknoblauch 405g","Sonnen Bassermann","4008585103181","2.99","405g (1 kg = 7,38 €)","Öle, Soßen & Gewürze","False","https://img.rewe-static.de/7633178/42141221_digital-image.png"
"REWE Feine Welt Crema di Aceto di Primitivo 150ml","REWE Feine Welt","4337256847421","1.99","150ml (1 l = 13,27 €)","Öle, Soßen & Gewürze","False","https://img.rewe-static.de/9101668/44127123_digital-image.png"
"Kühne Enjoy Himbeer-Vinaigrette 300ml","Kühne","40198132","2.99","300ml (1 l = 9,97 €)","Öle, Soßen & Gewürze","False","https://img.rewe-static.de/2412003/24107746_digital-image.png"
"Löwensenf Extra scharf 100ml","Löwensenf","42094715","1.39","100ml (1 l = 13,90 €)","Öle, Soßen & Gewürze","False","https://img.rewe-static.de/0101133/1582540_digital-image.png"
"Knorr Salatkrönung Feldsalat 5 Stück","Knorr","8714100823651","1.49","50 Stück","Öle, Soßen & Gewürze","False","https://img.rewe-static.de/7179089/27352239_digital-image.png"
"Maggi Fondor 100g","Maggi","4005500059516","1.29","100g (1 kg = 12,90 €)","Öle, Soßen & Gewürze","False","https://img.rewe-static.de/7669925/7470030_digital-image.png"
"Bull's Eye Spicy Garlic BBQ Sauce 300ml","Bull's-Eye","8715700208657","3.99","300ml (1 l = 13,30 €)","Öle, Soßen & Gewürze","False","https://img.rewe-static.de/8100396/29985073_digital-image.png"
"Ostmann Piment ganz 25g","Ostmann","4002674044850","2.29","25g (1 kg = 91,60 €)","Öle, Soßen & Gewürze","False","https://img.rewe-static.de/4258827/7458960_digital-image.png"
"REWE Feine Welt Crema di Aceto di Prosecco 150ml","REWE Feine Welt","4337256835190","1.99","150ml (1 l = 13,27 €)","Öle, Soßen & Gewürze","False","https://img.rewe-static.de/9203860/44127100_digital-image.png"
"Sizzlebrothers Honey & Mustard Sauce 200ml","NA","4260708950946","3.99","200ml (1 l = 19,95 €)","Öle, Soßen & Gewürze","False","https://img.rewe-static.de/7563395/44336741_digital-image.png"
"REWE Beste Wahl Wok 45g","REWE Beste Wahl","4337256542173","1.99","45g","Öle, Soßen & Gewürze","False","https://img.rewe-static.de/8854665/39493136_digital-image.png"
"Voelkel Demeter Apfel Essig Naturtrüb 0,75l","Voelkel","4015533053566","2.99","0,75l (1 l = 3,99 €)","Öle, Soßen & Gewürze","False","https://img.rewe-static.de/8960059/43088963_digital-image.png"
"Zum Dorfkrug Sylter Salatfrische Original 90ml","Zum Dorfkrug","4260054650392","0.89","90ml (1 l = 9,89 €)","Öle, Soßen & Gewürze","False","https://img.rewe-static.de/8617214/36673496_digital-image.png"
"Hela Tomatenketchup 300ml","Hela","4027400172805","2.49","300ml (1 l = 8,30 €)","Öle, Soßen & Gewürze","False","https://img.rewe-static.de/8728602/43597098_digital-image.png"
"REWE Beste Wahl Rührei Allerlei 47g","REWE Beste Wahl","4337256397018","1.99","47g","Öle, Soßen & Gewürze","False","https://img.rewe-static.de/8702354/35706625_digital-image.png"
"REWE Bio Schwarzer Pfeffer gemahlen 45g","REWE Bio","4337256450065","2.69","45g","Öle, Soßen & Gewürze","False","https://img.rewe-static.de/8755657/36510567_digital-image.png"
"REWE Feine Welt Zitronen Pfeffer für Fischgerichte 35g","REWE Feine Welt","4388860209723","4.99","35g (1 kg = 142,57 €)","Öle, Soßen & Gewürze","False","https://img.rewe-static.de/7279181/28063317_digital-image.png"
"Ostmann Kardamom gemahlen 7,5g","Ostmann","4002674122275","1.89","7,50g","Öle, Soßen & Gewürze","False","https://img.rewe-static.de/2276201/23329156_digital-image.png"
"REWE Beste Wahl Wacholderbeeren ganz 30g","REWE Beste Wahl","4337256410144","1.99","30g (1 kg = 66,33 €)","Öle, Soßen & Gewürze","False","https://img.rewe-static.de/8451140/33410744_digital-image.png"
"Ostmann Kurkuma gemahlen 50g","Ostmann","4002674053197","2.79","50g (1 kg = 55,80 €)","Öle, Soßen & Gewürze","False","https://img.rewe-static.de/7245442/32237467_digital-image.png"
"REWE Beste Wahl BBQ Rub Trockenmarinade 100g","REWE Beste Wahl","4337256651189","2.99","100g","Öle, Soßen & Gewürze","False","https://img.rewe-static.de/7674574/39947322_digital-image.png"
"Brändle Vita Sonnenblumenöl 0,75l","Brändle","4008722002049","2.99","0,75l (1 l = 3,99 €)","Öle, Soßen & Gewürze","False","https://img.rewe-static.de/5553482/24763672_digital-image.png"
"REWE Feine Welt Persiens Edelsteine Steinsalz 82g","REWE Feine Welt","4388860207194","4.99","82g (1 kg = 60,85 €)","Öle, Soßen & Gewürze","False","https://img.rewe-static.de/7278765/28063304_digital-image.png"
"Develey Texmex Salsa Sauce 250ml","Develey","4006824008723","1.79","250ml (1 l = 7,16 €)","Öle, Soßen & Gewürze","False","https://img.rewe-static.de/8715136/35916568_digital-image.png"
"Followfood Bio Bolognese Sauce vegan 350g","Followfood","4250073460423","2.99","350g","Öle, Soßen & Gewürze","False","https://img.rewe-static.de/7613527/43617194_digital-image.png"
"Mazola Keimöl 250ml","Mazola","4000540030112","2.59","250ml (1 l = 10,36 €)","Öle, Soßen & Gewürze","False","https://img.rewe-static.de/7254107/27724636_digital-image.png"
"La Monegasque Sesamöl 250ml","NA","3175690201000","5.99","250ml (1 l = 23,96 €)","Öle, Soßen & Gewürze","False","https://img.rewe-static.de/7122293/28858695_digital-image.png"
"REWE Bio Hummus Gewürz 30g","REWE Bio","4337256444453","2.69","30g (1 kg = 89,67 €)","Öle, Soßen & Gewürze","False","https://img.rewe-static.de/8757565/36647138_digital-image.png"
"Just Spices Fisch Gewürz 80g","Just Spices","4260401174403","5.49","80g (1 kg = 68,63 €)","Öle, Soßen & Gewürze","False","https://img.rewe-static.de/2452102/27191669_digital-image.png"
"Mazzetti Bio Cremaceto 250ml","Mazzetti","8002461910197","4.89","0,25l (1 l = 19,56 €)","Öle, Soßen & Gewürze","False","https://img.rewe-static.de/1930939/23690288_digital-image.png"
"Ostmann Ungarisch Gulasch Würzer 35g","Ostmann","4002674042559","2.49","35g (1 kg = 71,14 €)","Öle, Soßen & Gewürze","False","https://img.rewe-static.de/4259610/31504860_digital-image.png"
"REWE Feine Welt Tellicherry Pfeffer 43g","REWE Feine Welt","4388860000924","4.99","43g (1 kg = 116,05 €)","Öle, Soßen & Gewürze","False","https://img.rewe-static.de/7279138/28063312_digital-image.png"
"Just Spices Pommes Gewürzsalz 85g","Just Spices","4260431678483","4.99","85g (1 kg = 58,71 €)","Öle, Soßen & Gewürze","False","https://img.rewe-static.de/8775774/38641262_digital-image.png"
"Just Spices Turbo Scharfes Gewürz 61g","Just Spices","4260401174137","5.99","61g (1 kg = 98,20 €)","Öle, Soßen & Gewürze","False","https://img.rewe-static.de/2415332/27191267_digital-image.png"
"Kühne Crema mit Aceto-Balsamico 150ml","Kühne","40804040","2.99","150ml (1 l = 19,93 €)","Öle, Soßen & Gewürze","False","https://img.rewe-static.de/9054645/42865454_digital-image.png"
"Lacroix Rinder-Paste 40g","Lacroix","42066484","1.29","40g (1 kg = 32,25 €)","Öle, Soßen & Gewürze","False","https://img.rewe-static.de/6485065/22434038_digital-image.png"
"Ostmann Let's Do Italienisch 60g","Ostmann","4002674184273","3.99","60g","Öle, Soßen & Gewürze","False","https://img.rewe-static.de/7587900/43188953_digital-image.png"
"Ostmann Nelken ganz 35g","Ostmann","4002674053906","2.19","35g (1 kg = 62,57 €)","Öle, Soßen & Gewürze","False","https://img.rewe-static.de/4203542/7474120_digital-image.png"
"Bull's Eye Steakhouse BBQ Sauce 300ml","Bull's-Eye","8715700208626","3.99","300ml (1 l = 13,30 €)","Öle, Soßen & Gewürze","False","https://img.rewe-static.de/8269997/28985177_digital-image.png"
"Knorr Salatkrönung Italienische Art 192g","Knorr","8714100823668","4.49","192g (1 kg = 23,39 €)","Öle, Soßen & Gewürze","False","https://img.rewe-static.de/7178117/32234726_digital-image.png"
"Ostmann Chili mild Gewürzmischung 35g","Ostmann","4002674041446","2.29","35g (1 kg = 65,43 €)","Öle, Soßen & Gewürze","False","https://img.rewe-static.de/8101151/32237461_digital-image.png"
"Ostmann Pfeffer weiß gemahlen 60g","Ostmann","4002674054729","2.59","60g (1 kg = 43,17 €)","Öle, Soßen & Gewürze","False","https://img.rewe-static.de/4206002/7470310_digital-image.png"
"Ostmann Wacholderbeeren 30g","Ostmann","4002674056006","2.49","30g (1 kg = 83 €)","Öle, Soßen & Gewürze","False","https://img.rewe-static.de/4206169/7469910_digital-image.png"
"REWE Beste Wahl Hot Cajun Rub Trockenmarinade 90g","REWE Beste Wahl","4337256651431","2.99","90g","Öle, Soßen & Gewürze","False","https://img.rewe-static.de/8945796/39949521_digital-image.png"
"REWE Beste Wahl Za'atar Würzmischung 36g","REWE Beste Wahl","4337256651653","1.99","36g","Öle, Soßen & Gewürze","False","https://img.rewe-static.de/8946576/40233019_digital-image.png"
"Kühne Weißwein-Essig lieblich 250ml","Kühne","40737768","1.79","250ml (1 l = 7,16 €)","Öle, Soßen & Gewürze","False","https://img.rewe-static.de/0159594/23271690_digital-image.png"
"Real Thai Tom Kha Suppen Paste 50g","Real Thai","8858135001377","1.39","50g (1 kg = 27,80 €)","Öle, Soßen & Gewürze","False","https://img.rewe-static.de/1905307/24085535_digital-image.png"
"SEL mit Jod 500g","Sel","4001475107610","0.99","500g (1 kg = 1,98 €)","Öle, Soßen & Gewürze","False","https://img.rewe-static.de/2183422/22654856_digital-image.png"
"Bad Reichenhaller Mozzarella-Tomatensalz mit Folsäure 90g","Bad Reichenhaller","4001475118739","1.85","90g (1 kg = 20,56 €)","Öle, Soßen & Gewürze","False","https://img.rewe-static.de/6123120/2894750_digital-image.png"
"Roleski Polnischer Senf Sarepska 175g","Roleski","5901044003611","1.29","175g (1 kg = 7,37 €)","Öle, Soßen & Gewürze","False","https://img.rewe-static.de/1223384/24082524_digital-image.png"
"Ankerkraut Brathähnchen Gewürz 75g","Ankerkraut","4260347894120","5.99","75g (1 kg = 79,87 €)","Öle, Soßen & Gewürze","False","https://img.rewe-static.de/3015277/26661367_digital-image.png"
"Ostmann Kümmel ganz 40g","Ostmann","4002674053258","2.29","40g (1 kg = 57,25 €)","Öle, Soßen & Gewürze","False","https://img.rewe-static.de/4203305/7456860_digital-image.png"
"Bad Reichenhaller KnoblauchSalz mit Folsäure 90g","Bad Reichenhaller","4001475115745","1.85","90g (1 kg = 20,56 €)","Öle, Soßen & Gewürze","False","https://img.rewe-static.de/3659526/2894730_digital-image.png"
"Ostmann China Gewürzzubereitung 45g","Ostmann","4002674051636","2.39","45g (1 kg = 53,11 €)","Öle, Soßen & Gewürze","False","https://img.rewe-static.de/8100222/31504869_digital-image.png"
"Just Spices Kräuter Avocado Topping 45g","Just Spices","4260431680431","5.99","45g (1 kg = 133,11 €)","Öle, Soßen & Gewürze","False","https://img.rewe-static.de/8680608/43523241_digital-image.png"
"Lewandowski Mayonnaise 355ml","NA","4032549037014","3.29","355ml","Öle, Soßen & Gewürze","False","https://img.rewe-static.de/8946624/43395823_digital-image.png"
"Ostmann Bratfisch Gewürzsalz 30g","Ostmann","4002674122329","1.99","30g (1 kg = 66,33 €)","Öle, Soßen & Gewürze","False","https://img.rewe-static.de/8054955/31504857_digital-image.png"
"Ostmann Koriandersaat gemahlen 50g","Ostmann","4002674053449","2.39","50g","Öle, Soßen & Gewürze","False","https://img.rewe-static.de/8018462/43461277_digital-image.png"
"Ostmann Magic Dust BBQ Gewürzzubereitung 140g","Ostmann","4002674242577","4.29","140g (1 kg = 30,64 €)","Öle, Soßen & Gewürze","False","https://img.rewe-static.de/8584569/40400049_digital-image.png"
"Dovgan Adgika-Sauce scharf 380g","Dovgan","4032549002333","2.49","380g (1 kg = 6,55 €)","Öle, Soßen & Gewürze","False","https://img.rewe-static.de/0423483/23690115_digital-image.png"
"Fuchs Garam Masala Gewürzmischung 55g","Fuchs","4027900115982","3.99","55g","Öle, Soßen & Gewürze","False","https://img.rewe-static.de/7752669/40999786_digital-image.png"
"Safrisalz Salz mittelgrob 2kg","Safrisalz","4001475212314","1.59","2kg","Öle, Soßen & Gewürze","False","https://img.rewe-static.de/0881999/44016797_digital-image.png"
"Seitenbacher Bio Schwarzkümmel Öl 100ml","Seitenbacher","4008391089051","7.99","100ml (1 l = 79,90 €)","Öle, Soßen & Gewürze","False","https://img.rewe-static.de/1907364/31505362_digital-image.png"
"Wan Kwai Pad Thai Sauce 200ml","Wan Kwai","4008934150798","3.29","200ml (1 l = 16,45 €)","Öle, Soßen & Gewürze","False","https://img.rewe-static.de/8947727/40416152_digital-image.png"
"Biozentrale Bio Natives Olivenöl extra 100ml","biozentrale","4005009103048","3.79","100ml","Öle, Soßen & Gewürze","False","https://img.rewe-static.de/1178012/44716882_digital-image.png"
"Fuchs Pizza Gewürzzubereitung 30g","Fuchs","4027900111045","3.59","30g","Öle, Soßen & Gewürze","False","https://img.rewe-static.de/8841755/38454583_digital-image.png"
"Just Spices Bruschetta Gewürzmix 45g","Just Spices","4260431678469","3.99","45g","Öle, Soßen & Gewürze","False","https://img.rewe-static.de/8771666/37320366_digital-image.png"
"Ostmann Let´s Do Fisch 85g","Ostmann","4002674184228","3.99","85g","Öle, Soßen & Gewürze","False","https://img.rewe-static.de/8991598/43446847_digital-image.png"
"Ostmann Tomaten Gewürzsalz 60g","Ostmann","4002674055863","2.29","60g (1 kg = 38,17 €)","Öle, Soßen & Gewürze","False","https://img.rewe-static.de/8100732/31504875_digital-image.png"
"Podravka Ajvar mild 690g","Podravka","3850104051012","3.69","690g (1 kg = 5,35 €)","Öle, Soßen & Gewürze","False","https://img.rewe-static.de/0761624/24081708_digital-image.png"
"Seitenbacher Bio Leinsaat Öl 100ml","28 black","4008391087033","1.99","100ml (1 l = 19,90 €)","Öle, Soßen & Gewürze","False","https://img.rewe-static.de/1907338/27475372_digital-image.png"
"Block House Meerrettich naturscharf 90g","Block House","4009286121870","1.99","95ml (1 l = 20,95 €)","Öle, Soßen & Gewürze","False","https://img.rewe-static.de/2960508/2990380_digital-image.png"
"Lacroix Krustentier Paste 40g","Lacroix","42066460","1.29","40g (1 kg = 32,25 €)","Öle, Soßen & Gewürze","False","https://img.rewe-static.de/6485014/28298832_digital-image.png"
"Just Spices Mediteranes Kräutersalz 103g","Just Spices","4260401174793","3.99","103g (1 kg = 38,74 €)","Öle, Soßen & Gewürze","False","https://img.rewe-static.de/2415346/27188375_digital-image.png"
"Fruchtwerker Himbeer & Essig 250ml","NA","4260150472010","6.99","250ml (1 l = 27,96 €)","Öle, Soßen & Gewürze","False","https://img.rewe-static.de/1446326/29708611_digital-image.png"
"Kotànyi Pfeffer Schwarz 36g","Kotanyi","9001414041116","3.49","36g (1 kg = 96,94 €)","Öle, Soßen & Gewürze","False","https://img.rewe-static.de/8249016/44162607_digital-image.png"
"Lacroix Fisch-Paste 40g","Lacroix","42066453","1.29","40g (1 kg = 32,25 €)","Öle, Soßen & Gewürze","False","https://img.rewe-static.de/6484972/24078336_digital-image.png"
"Lacroix Umami Paste 70g","Lacroix","4009062124125","3.79","70g (1 kg = 54,14 €)","Öle, Soßen & Gewürze","False","https://img.rewe-static.de/2798507/29579347_digital-image.png"
"Ostmann Fleischzartmacher Würzmischung 80g","Ostmann","4002674042375","2.29","80g (1 kg = 28,63 €)","Öle, Soßen & Gewürze","False","https://img.rewe-static.de/4274555/31504888_digital-image.png"
"Ostmann Knoblauch Jodsalz 80g","Ostmann","4002674053319","2.59","80g (1 kg = 32,38 €)","Öle, Soßen & Gewürze","False","https://img.rewe-static.de/8100529/31504886_digital-image.png"
"Podravka Ajvar Gemüsemischung scharf 690g","Podravka","3850104050572","3.69","690g (1 kg = 5,35 €)","Öle, Soßen & Gewürze","False","https://img.rewe-static.de/0761471/24083187_digital-image.png"
"Port of Spices Geräucherter Paprika 60g","Port of Spices","4000068039000","4.99","60g (1 kg = 83,17 €)","Öle, Soßen & Gewürze","False","https://img.rewe-static.de/7910182/32803329_digital-image.png"
"REWE Feine Welt Roter Kampot Pfeffer 45g","REWE Feine Welt","4337256118774","6.99","45g (1 kg = 155,33 €)","Öle, Soßen & Gewürze","False","https://img.rewe-static.de/8488922/32401954_digital-image.png"
"Wan Kwai Satay Sauce Erdnuss 200g","Wan Kwai","4008934133265","2.99","200g","Öle, Soßen & Gewürze","False","https://img.rewe-static.de/7602187/47033778_digital-image.png"
"bioizentrale Bio Crema con Aceto Balsamico mild süßlich 150ml","biozentrale","4005009103574","3.99","150ml (1 l = 26,60 €)","Öle, Soßen & Gewürze","False","https://img.rewe-static.de/8368890/40299712_digital-image.png"
"Klüvers Putenhackbolognese 450g","Klüvers","4260350710172","8.99","450g (1 kg = 19,98 €)","Öle, Soßen & Gewürze","False","https://img.rewe-static.de/3272188/40706500_digital-image.png"
"ja! Tomatenmark 3-fach konzentriert 200g","ja!","4337256359993","0.89","200g (1 kg = 4,45 €)","Öle, Soßen & Gewürze","False","https://img.rewe-static.de/5944481/6149690_digital-image.png"
"ja! Reines Rapsöl 1l","ja!","4337256173308","1.69","1l","Öle, Soßen & Gewürze","False","https://img.rewe-static.de/6801447/2644980_digital-image.png"
"ja! Saucenbinder für dunkle Saucen 250g","ja!","4337256565707","0.79","250g (1 kg = 3,16 €)","Öle, Soßen & Gewürze","False","https://img.rewe-static.de/8059338/29922291_digital-image.png"
"ja! Salatmayonnaise 50% 500ml","ja!","4337256724333","1.49","500ml (1 l = 2,98 €)","Öle, Soßen & Gewürze","False","https://img.rewe-static.de/3271282/26459243_digital-image.png"
"ja! Sonnenblumenöl 1l","ja!","4337256750509","1.79","1l","Öle, Soßen & Gewürze","False","https://img.rewe-static.de/6928242/24677567_digital-image.png"
"ja! French Dressing 250ml","ja!","4337256271042","0.99","250ml (1 l = 3,96 €)","Öle, Soßen & Gewürze","False","https://img.rewe-static.de/8599178/33721456_digital-image.png"
"ja! Lorbeerblätter ganz 14g","ja!","4337256402668","1.39","14g (1 kg = 99,29 €)","Öle, Soßen & Gewürze","False","https://img.rewe-static.de/8785080/37500915_digital-image.png"
"ja! Sauce Hollandaise fettreduziert 340g","ja!","4337256737500","1.49","340g (1 kg = 4,38 €)","Öle, Soßen & Gewürze","False","https://img.rewe-static.de/9020835/41711856_digital-image.png"
"ja! Tafelmeerrettich 140g","ja!","4337256190190","0.89","140g (1 kg = 6,36 €)","Öle, Soßen & Gewürze","False","https://img.rewe-static.de/8246771/29017207_digital-image.png"
"ja! Suppengrün Gewürzmischung 35g","ja!","4337256225755","0.99","35g (1 kg = 28,29 €)","Öle, Soßen & Gewürze","False","https://img.rewe-static.de/2388262/24045896_digital-image.png"
"ja! Aceto Balsamico di Modena 500ml","ja!","4337256668255","1.69","500ml (1 l = 3,38 €)","Öle, Soßen & Gewürze","False","https://img.rewe-static.de/0397387/6218140_digital-image.png"
"ja! Pesto Verde 190g","ja!","4337256746694","0.99","190g (1 kg = 5,21 €)","Öle, Soßen & Gewürze","False","https://img.rewe-static.de/8101877/29274217_digital-image.png"
"ja! American Dressing 250ml","ja!","4337256261388","0.99","250ml (1 l = 3,96 €)","Öle, Soßen & Gewürze","False","https://img.rewe-static.de/8597281/33721632_digital-image.png"
"ja! Petersilie 15g","ja!","4337256227094","0.99","15g (1 kg = 66 €)","Öle, Soßen & Gewürze","False","https://img.rewe-static.de/2386811/33258984_digital-image.png"
"ja! Fix für Salat Garten-Kräuter 5x8g","ja!","4337256227476","0.49","40g (1 kg = 12,25 €)","Öle, Soßen & Gewürze","False","https://img.rewe-static.de/8222007/28677888_digital-image.png"
"ja! Dressing Knoblauch 250ml","ja!","4337256268387","0.99","250ml","Öle, Soßen & Gewürze","False","https://img.rewe-static.de/8600176/33721641_digital-image.png"
"Ja! Barbecue Sauce 250ml","ja!","4337256327374","0.99","250ml (1 l = 3,96 €)","Öle, Soßen & Gewürze","False","https://img.rewe-static.de/8021806/31068135_digital-image.png"
"ja! Arrabiata Sauce 400ml","ja!","4337256166409","1.45","400ml (1 l = 3,63 €)","Öle, Soßen & Gewürze","False","https://img.rewe-static.de/7951836/35784356_digital-image.png"
"ja! Pesto alla Calabrese 190g","ja!","4337256724029","0.99","190g (1 kg = 5,21 €)","Öle, Soßen & Gewürze","False","https://img.rewe-static.de/8268091/29274735_digital-image.png"
"ja! Dressing Sylter Art vegan 250ml","ja!","4337256304986","0.99","250ml (1 l = 3,96 €)","Öle, Soßen & Gewürze","False","https://img.rewe-static.de/8647656/34304633_digital-image.png"
"ja! Tafelsalz 500g","ja!","4388860735840","0.25","500g (1 kg = 0,50 €)","Öle, Soßen & Gewürze","False","https://img.rewe-static.de/8043572/30281334_digital-image.png"
"ja! Tomatenmark 70g","ja!","42015529","0.49","70g (1 kg = 7 €)","Öle, Soßen & Gewürze","False","https://img.rewe-static.de/8746686/38532945_digital-image.png"
"ja! Zimt gemahlen 40g","ja!","4337256667128","0.79","40g (1 kg = 19,75 €)","Öle, Soßen & Gewürze","False","https://img.rewe-static.de/2371188/23882943_digital-image.png"
"ja! Dressing Sylter Art 500ml","ja!","4337256326698","1.49","500ml (1 l = 2,98 €)","Öle, Soßen & Gewürze","False","https://img.rewe-static.de/2840554/25523292_digital-image.png"
"ja! Meersalz 110g","ja!","4337256437820","0.99","110g (1 kg = 9 €)","Öle, Soßen & Gewürze","False","https://img.rewe-static.de/8602560/33469996_digital-image.png"
"ja! Sauce Hollandaise 340g","ja!","4337256744577","1.49","340g (1 kg = 4,38 €)","Öle, Soßen & Gewürze","False","https://img.rewe-static.de/7627371/41711831_digital-image.png"
"ja! Condimento Bianco 500ml","ja!","4337256665933","1.69","500ml (1 l = 3,38 €)","Öle, Soßen & Gewürze","False","https://img.rewe-static.de/2857422/25446634_digital-image.png"
"ja! Joghurt Dressing 500ml","ja!","4337256168489","1.49","500ml (1 l = 2,98 €)","Öle, Soßen & Gewürze","False","https://img.rewe-static.de/2840546/25523111_digital-image.png"
"ja! Sahnemeerrettich 135g","ja!","4337256192521","0.89","135g (1 kg = 6,59 €)","Öle, Soßen & Gewürze","False","https://img.rewe-static.de/8114559/29017201_digital-image.png"
"ja! Curry Gewürzketchup 875ml","ja!","4337256749923","2.19","875ml (1 l = 2,50 €)","Öle, Soßen & Gewürze","False","https://img.rewe-static.de/7618595/42908457_digital-image.png"
"ja! Delikatess-Mayonnaise 500ml","ja!","4337256692038","1.69","500ml (1 l = 3,38 €)","Öle, Soßen & Gewürze","False","https://img.rewe-static.de/1162962/11380660_digital-image.png"
"ja! Fix für Salat Dill-Kräuter 5x8g","ja!","4337256225670","0.49","40g (1 kg = 12,25 €)","Öle, Soßen & Gewürze","False","https://img.rewe-static.de/8222208/28677831_digital-image.png"
"ja! Tomaten-Ketchup 500ml","ja!","4337256871174","1.29","500ml (1 l = 2,58 €)","Öle, Soßen & Gewürze","False","https://img.rewe-static.de/7291190/28296386_digital-image.png"
"ja! Delikatess Sauce zu Braten 3er Pack 20g","ja!","4337256634168","0.69","3x20g (1 kg = 11,50 €)","Öle, Soßen & Gewürze","False","https://img.rewe-static.de/7105686/27269613_digital-image.png"
"ja! Rahmsauce 3x20,5g","ja!","4337256633130","0.79","3x20,50g (1 kg = 12,85 €)","Öle, Soßen & Gewürze","False","https://img.rewe-static.de/8658599/39984269_digital-image.png"
"Ja! Schwarzer Pfeffer gemahlen 50g","ja!","4337256665384","0.79","50g (1 kg = 15,80 €)","Öle, Soßen & Gewürze","False","https://img.rewe-static.de/2369956/23882581_digital-image.png"
"ja! Tomate-Basilikum Pasta-Sauce 400g","ja!","4337256174992","1.45","400ml (1 l = 3,63 €)","Öle, Soßen & Gewürze","False","https://img.rewe-static.de/3280994/26762493_digital-image.png"
"ja! Remoulade 500ml","ja!","4337256691536","1.69","500ml (1 l = 3,38 €)","Öle, Soßen & Gewürze","False","https://img.rewe-static.de/1312921/16687390_digital-image.png"
"ja! Jodsalz 500g","ja!","4337256113298","0.29","500g (1 kg = 0,58 €)","Öle, Soßen & Gewürze","False","https://img.rewe-static.de/2037971/25466103_digital-image.png"
"ja! Senf-Honig Dressing 250ml","ja!","4337256270649","0.99","250ml (1 l = 3,96 €)","Öle, Soßen & Gewürze","False","https://img.rewe-static.de/7895784/33721635_digital-image.png"
"Ja! Essigessenz 400g","ja!","4337256099394","0.79","400g (1 kg = 1,98 €)","Öle, Soßen & Gewürze","False","https://img.rewe-static.de/8471628/32344653_digital-image.png"
"ja! Pfeffer schwarz ganz 50g","ja!","4337256437622","0.99","50g (1 kg = 19,80 €)","Öle, Soßen & Gewürze","False","https://img.rewe-static.de/7920165/33469986_digital-image.png"
"ja! Salatcreme mit 29,5 % Rapsöl 500ml","ja!","4337256198783","1.79","500ml (1 l = 3,58 €)","Öle, Soßen & Gewürze","False","https://img.rewe-static.de/8116265/28933880_digital-image.png"
"ja! Senf mittelscharf 250ml","ja!","4337256364980","0.59","250ml (1 l = 2,36 €)","Öle, Soßen & Gewürze","False","https://img.rewe-static.de/0976498/7558650_digital-image.png"
"ja! Schnittlauch gefriergetrocknet 12,5g","ja!","4337256222624","0.99","12,50g (1 kg = 79,20 €)","Öle, Soßen & Gewürze","False","https://img.rewe-static.de/2386812/33259258_digital-image.png"
"ja! Fix für Salat Italienische Art 5x8g","ja!","4337256227766","0.49","40g (1 kg = 12,25 €)","Öle, Soßen & Gewürze","False","https://img.rewe-static.de/8222913/28678215_digital-image.png"
